2756 4320
607 392 724 446 ACTA,
748 396 768 438 1.

213 519 248 552 ms
261 503 373 566 msdpulis
388 503 434 551 mis
447 509 563 565 postquem
579 501 671 549 suscito·
736 503 769 547 20
785 496 915 547 Converms
932 497 1013 545 Petrus
1030 499 1089 545 videt
1104 499 1164 546 itinn

212 567 477 614 metuentexmortnir.
704 564 841 624 diseiprdunr,
852 577 918 623 quent
929 563 1032 624 diiigebrt
1045 561 1119 615 Jesus,
1132 578 1166 609 se·

245 634 274 678 15
292 630 369 684 Quum
387 646 442 692 ergo
460 631 605 692 prandissent,
621 628 673 674 dicit
704 635 816 688 orientem,
833 628 910 688 quiet
926 629 1054 673 recubuerat
1065 627 1087 672 in
1098 625 1166 672 roeni

212 694 297 741 Simoni
311 693 378 740 Petro
394 694 468 748 Jesus,
486 695 563 741 Simon
572 695 617 757 fili
627 691 681 756 Jog
704 690 742 738 itit
752 707 817 754 super
827 699 904 754 pectus
914 692 969 752 rpus,
979 699 1002 736 et
1013 691 1104 742 dixerut,
1118 690 1168 736 Do·

213 772 259 810 nae,
271 758 344 835 diligis
358 773 395 804 me
410 756 460 819 piris
474 755 540 818 quim
551 757 593 803 bi?
610 755 675 803 Dicit
706 756 772 806 mine.
784 757 833 817 quir
843 762 878 802 est
888 755 925 801 iile
935 756 972 816 qui
983 763 1006 801 te
1017 755 1119 816 proditi·

213 822 239 873 εἰ,
252 817 328 876 Certe,
344 821 449 875 Domine,
467 829 492 868 tu
508 820 566 868 ndsti
580 817 675 881 quddo·
740 823 768 864 21
789 819 859 865 Hunc
869 835 924 880 ergo
935 834 1003 878 quum
1019 820 1109 865 vidisset
1125 818 1168 865 Pe·

215 894 310 932 memte.
344 885 521 939 DiciteiPuce
529 900 676 946 egnorrnoos.
708 897 763 932 trus.
774 885 826 932 dieit
843 884 906 939 Jesu,
927 885 1033 939 Domine,
1050 885 1169 931 bieeutunr

248 953 277 996 16
295 948 393 996 Dicitoi
412 965 499 996 rursum
516 946 620 1002 noundd,
641 948 676 993 si·
708 949 779 1010 quid?
863 1007 865 1012 X

215 1028 268 1058 mon
277 1013 324 1089 ptis·
339 1012 417 1067 Jonne,
432 1013 504 1074 diligis
515 1013 571 1058 me?
588 1013 629 1058 Ait
639 1012 677 1066 illi,
742 1017 773 1058 22
790 1012 854 1058 Dicit
872 1013 891 1058 ei
911 1011 984 1064 Jetus.
1000 1012 1024 1058 Si
1038 1012 1105 1058 veiim
1119 1025 1172 1058 euro

216 1075 292 1128 Certe,
305 1076 411 1130 Domine,
423 1083 447 1122 ιιι
464 1075 520 1124 ndsti
536 1073 595 1137 qudd
606 1091 677 1122 ornem
709 1092 799 1123 monere
809 1077 880 1122 dorse
890 1077 985 1131 reniero,
995 1077 1047 1137 quid
1058 1076 1087 1123 ed
1097 1075 1173 1122 teitu

128 1187 129 1194 ,
216 1147 246 1188 te.
280 1139 379 1193 Dicitei.
393 1139 464 1188 Posce
474 1155 528 1186 oves
539 1156 606 1186 mens.
710 1155 746 1187 me
755 1155 853 1200 sequere.

251 1207 280 1251 17
298 1203 392 1252 Dicitei
410 1204 482 1257 tertid,
495 1205 572 1250 Simon
581 1205 626 1269 fiii
635 1203 678 1252 Jo·
743 1204 920 1265 winiberga
931 1219 1003 1250 serino
1011 1203 1054 1250 iste
1064 1201 1173 1249 interim·

218 1281 265 1322 nee,
276 1282 337 1314 mnus
348 1267 403 1313 mei
419 1266 521 1314 Tristitid
535 1268 577 1314 t‘uit
589 1267 679 1314 effectus
712 1275 763 1322 tres,
772 1267 901 1328 discipulum
908 1268 970 1313 iilum
978 1267 1175 1313 nonmoriturnrnr

220 1330 300 1378 Petrus
308 1328 439 1391 quddtertid
448 1331 539 1378 dixisset
548 1332 596 1392 ipsi,
609 1332 680 1377 Amos
712 1333 806 1378 sednon
818 1329 1081 1384 dixeroteidesnsNon
1092 1331 1175 1376 morio-

219 1394 273 1441 mei
289 1395 387 1454 dixitque
402 1397 429 1448 ei,
442 1395 548 1448 Domine,
565 1402 590 1441 tu
606 1395 681 1441 omnio
712 1403 762 1442 tur:
781 1395 820 1442 sed
836 1396 859 1442 si
875 1410 927 1442 eum
944 1395 1010 1441 veiim
1027 1409 1116 1440 manere
1133 1395 1175 1440 do·

219 1456 291 1513 ndsti3
308 1465 332 1504 tu
344 1456 401 1504 odoi
413 1455 473 1518 qudd
488 1473 560 1504 mrtem
571 1465 601 1506 te.
635 1458 680 1505 Di·
712 1475 754 1506 neo
764 1460 858 1514 venium,
870 1459 922 1519 quid
932 1459 959 1505 ed
970 1457 1011 1504 te?

219 1521 249 1566 cit
259 1521 279 1566 ei
289 1519 363 1575 Jesus,
377 1521 447 1568 Pesee
457 1537 512 1568 ores
522 1537 590 1568 mens.
745 1527 777 1569 ut
794 1522 841 1569 Hic
859 1531 893 1569 est
909 1522 1028 1583 discipulus
1043 1521 1080 1568 iiie
1095 1521 1133 1581 qui
1149 1522 1175 1568 de

254 1588 282 1630 18
299 1585 381 1638 Amen,
397 1601 468 1639 emen,
479 1587 535 1632 dico
552 1586 597 1639 uhi,
612 1601 680 1647 quum
712 1587 747 1633 his
758 1594 857 1640 testetur,
873 1587 966 1632 ethaeo
977 1586 1078 1646 scripsit:
1097 1593 1121 1632 et
1132 1601 1175 1632 ser·

219 1664 279 1694 esses
285 1649 369 1709 junior,
386 1650 490 1710 cingebar
506 1656 535 1703 te,
547 1657 570 1696 et
580 1651 626 1696 ibus
637 1647 682 1711 qud
713 1666 764 1698 mus
774 1666 851 1696 verum
862 1665 911 1696 esse
922 1649 1071 1696 testimonium
1082 1651 1137 1708 ejus.

220 1713 324 1758 volebas:
344 1727 411 1772 quum
431 1721 505 1759 autem
522 1715 627 1768 muueris,
641 1729 682 1760 ex·
747 1718 778 1762 25
796 1713 854 1760 Sunt
864 1721 937 1760 autern
951 1719 974 1760 et
990 1711 1177 1774 sliemuitequae

221 1777 297 1822 tendes
308 1791 386 1822 munus
396 1785 452 1831 tues,
463 1784 486 1823 et
502 1778 558 1824 nlius
568 1785 591 1824 te
601 1780 683 1841 cinget,
715 1779 768 1825 feeit
778 1778 851 1832 Jerus,
862 1793 919 1838 quoe
929 1777 947 1823 si
959 1777 1080 1823 scribentur
1094 1775 1178 1838 sigilis·

221 1854 244 1886 et
254 1839 372 1886 transferet
382 1838 426 1901 qud
437 1841 506 1888 noles.
715 1843 762 1897 tim,
774 1857 803 1888 ne
813 1842 920 1888 mundum
936 1836 1025 1902 quidem
1041 1841 1112 1902 ipsum
1128 1841 1177 1901 opi·

256 1907 285 1951 19
297 1903 431 1952 Hoceutem
438 1905 500 1959 dixit,
508 1902 685 1967 significensqud
716 1923 757 1953 nor
767 1913 882 1968 capturum
893 1906 979 1966 eosqui
997 1903 1142 1951 scriberentur
1150 1903 1178 1949 li·

222 1975 294 2014 morte
304 1967 466 2028 g'ioriflcsturus
476 1977 535 2016 esset
542 1969 626 2016 Deum.
652 1968 685 2016 Et
715 1972 773 2017 bros.
807 1971 890 2016 Amen.

223 2046 289 2091 quum
297 2032 534 2088 bocdixissetdicitei,
542 2033 685 2094 sequererne.

445 2439 567 2498 ACTA
591 2439 957 2502 APOSTOLORUM.

393 2579 467 2630 cAl’.
490 2581 510 2628 1.
718 2581 780 2644 equi,
791 2599 833 2630 vos
846 2591 920 2630 nutem
936 2585 1100 2646 baptizabimini
1113 2588 1183 2648 Spiri-

227 2643 403 2760 PRiMfiM
413 2641 502 2732 puiddm
517 2643 595 2722 librum
609 2646 685 2694 conse·
717 2655 743 2694 tu
755 2649 837 2694 Sancto
845 2648 894 2724 istis
904 2664 951 2723 pon
961 2649 1184 2728 multispdstdiebus·

300 2723 327 2760 cr,
376 2708 686 2772 eop..11e‚deomn1busqune
750 2716 765 2759 6
782 2711 860 2766 Quum
881 2720 950 2774 rgrtur
971 2713 1001 2759 rib
1019 2728 1184 2764 convenissent.

130 2805 133 2810 .
226 2771 297 2832 eoepit
307 2771 374 2819 Jesus
385 2779 408 2817 et
418 2771 490 2817 faeere
500 2781 523 2818 et
533 2773 620 2820 docere.
718 2773 883 2836 interrogarunt
893 2792 944 2824 eum
958 2777 1063 2832 dieentes,
1076 2779 1183 2833 Domine,

258 2835 327 2882 Md
338 2850 388 2880 eum
400 2849 469 2894 usque
479 2836 544 2891 diem,
556 2853 607 2898 quo,
618 2854 687 2898 quum
719 2855 772 2885 num
791 2840 834 2886 boc
851 2846 951 2902 ternpore
969 2843 1070 2890 restitues
1087 2857 1182 2904 regnum

225 2899 328 2944 mndata
338 2898 433 2943 dedisset
449 2900 571 2960 Apostoiis
582 2917 639 2962 quos
649 2919 690 2964 per
721 2901 818 2950 Israeli?

226 2958 333 3009 ‘oinium
353 2961 459 3008 &utrium
478 2961 581 3026 elegerat,
602 2981 689 3030 sursum
752 2970 767 3013 'i
785 2966 852 3014 Dixit
868 2974 943 3018 nutem
960 2967 1061 3023 editior,
1080 2969 1135 3016 Non
1148 2975 1184 3017 ert

225 3034 327 3088 zecoptus
338 3032 379 3071 est.
721 3031 819 3078 verbum
831 3030 896 3079 ndsse
907 3039 1007 3094 tempore
1019 3033 1067 3080 sire
1077 3044 1182 3096 opporte-

258 3093 274 3136 3
286 3090 373 3143 Quibus
379 3089 445 3135 etium
452 3106 506 3145 sese,
513 3099 688 3155 postqunmpss·
721 3095 801 3149 utute·
815 3111 870 3156 quse
886 3095 953 3144 Peter
965 3097 989 3143 in
1005 3095 1046 3145 sui
1059 3097 1128 3160 ipsius
1142 3113 1181 3159 po·

227 3169 265 3200 rus
284 3153 331 3206 suit,
342 3153 440 3200 exhibuit
457 3155 533 3201 rivum
548 3171 599 3202 cum
614 3157 690 3204 multis
721 3163 799 3205 testate
809 3161 891 3221 posuit.

135 3251 141 3258 .
228 3217 354 3263 notissimis
365 3218 441 3278 signis.
450 3233 490 3279 per
500 3219 688 3283 diesqundrngin·
753 3226 768 3267 8
786 3223 830 3268 Sed
847 3223 955 3286 recipietis
969 3225 1075 3272 virtutem
1089 3223 1184 3286 Spiritus

228 3295 248 3322 ut
260 3288 391 3342 conspectus
402 3281 429 3326 eb
439 3281 478 3336 eie,
486 3289 509 3328 et
517 3283 591 3330 dicens
599 3285 690 3346 qusend
722 3283 805 3340 Sancti,
816 3293 932 3347 postquem
943 3290 1094 3349 supervenerit
1102 3289 1124 3334 in
1136 3303 1185 3344 voe.

228 3359 321 3404 nognum
334 3343 379 3389 Dei
390 3352 500 3402 nesciant.
720 3349 824 3409 eritisque
835 3351 888 3399 mibi
899 3358 967 3398 testes
977 3359 1001 3397 et
1011 3352 1034 3398 in
1048 3352 1184 3413 Hierosoly·

260 3410 276 3451 4
293 3407 386 3453 Etcum
398 3407 440 3454 illis
454 3409 589 3456 conveniens
604 3410 689 3457 denun-
722 3413 771 3465 mis,
779 3413 835 3459 etin
847 3411 894 3459 tort
909 3413 1001 3468 Judnei,
1012 3423 1035 3462 et
1047 3413 1152 3471 Sertorii,
1163 3426 1186 3464 et

228 3470 293 3516 nevit
310 3472 342 3516 eis
355 3487 383 3516 ne
396 3471 537 3518 obscederent
556 3472 689 3535 Hierosoly·
722 3489 791 3535 usque
799 3476 827 3522 ed
838 3476 926 3524 ultimus
937 3489 1013 3525 terres.
1246 3473 1249 3482 ’

229 3535 277 3585 mis,
297 3535 335 3580 sed
352 3542 377 3580 nt
394 3543 547 3596 exspectarent
562 3538 690 3598 promissio·
756 3545 771 3587 9
787 3538 820 3586 Et
830 3555 898 3600 quum
909 3542 963 3588 haee
971 3543 1068 3596 dixisset,
1078 3542 1186 3604 squirion·

230 3611 280 3642 nent
293 3595 372 3652 Patris,
383 3613 455 3660 quem,
467 3600 550 3661 inquit,
561 3601 652 3649 audistis
662 3617 692 3650 ex
723 3602 780 3649 tibus
801 3603 860 3664 ipsis,
882 3604 980 3652 eleveum
998 3614 1051 3652 est:
1076 3613 1099 3653 et
1117 3607 1188 3654 num

231 3673 272 3706 nte.
722 3675 848 3728 susceptum
860 3683 911 3713 eum
922 3670 1012 3716 obstulit
1026 3669 1055 3716 eb
1067 3669 1136 3717 nou'in
1145 3685 1187 3717 eu·

261 3725 275 3770 i
295 3721 354 3768 Num
366 3721 465 3769 Jonnnes
473 3722 561 3782 quidem
569 3727 691 3789 bnptiznvit
722 3744 771 3776 rum
