2756 4320
522 387 641 445 DUM,
664 390 749 437 XVll.

157 504 186 546 ro·
205 499 259 544 laex
270 503 296 543 et
306 497 429 558 prophetae
440 511 512 556 umus
523 495 552 542 ad
561 493 604 543 Jo-
665 501 699 544 30
710 495 811 544 illeverd
819 499 881 553 dixit,
888 499 950 554 Non,
957 509 1016 562 pater
1027 501 1098 548 Atra·

126 578 220 611 noem:
240 563 269 608 ab
281 576 310 607 eo
324 569 426 622 ternpore
442 575 540 620 regnum
559 559 605 606 Dei
635 561 713 618 harne;
736 563 775 608 sed
786 563 854 624 siquis
869 579 898 612 ex
914 565 1007 611 mortuis
1023 565 1100 612 abierit

127 627 307 688 evangelizatur,
330 631 354 671 et
375 625 449 684 quivis
467 625 491 669 in
510 623 605 670 iiludvi
635 625 662 670 ad
673 641 718 679 eos,
728 627 863 688 resipisoent.

129 705 192 801 periri
198 700 312 800 npssffius
332 757 367 797 est
385 762 461 798 autem
478 751 567 798 coelum
582 757 606 798 et
636 690 1100 817 Mgslendippalparrpppepp'terpmgrxipupissp

130 827 210 864 terram
227 817 360 878 praeterire,
376 812 444 876 quiam
460 815 518 876 legis
535 831 604 862 unum
634 832 664 862 ne
675 817 781 878 siqnidem
792 819 899 880 quispiam
910 834 939 866 ex
955 821 1049 868 morum
1065 835 1097 868 ro·

131 898 215 944 apicem
227 881 341 927 excidere.
635 889 712 942 surgat
723 883 877 929 assentientur.

167 950 196 992 18
213 943 325 1005 Quisquis
334 943 426 989 dimittit
434 957 528 989 uxorem
536 957 604 1000 auara,

131 1018 154 1057 et
165 1011 258 1056 alteram
274 1009 343 1060 ducit,
360 1009 505 1054 moechatur:
529 1013 553 1053 et
568 1007 605 1068 qui
781 1005 856 1056 cnP.
879 1008 965 1056 XVII.

132 1075 204 1123 arim
216 1075 332 1120 dimissam
344 1071 411 1124 ducit,
423 1072 560 1118 moechatur.
653 1069 739 1188 &lt
749 1083 823 1118 autern
834 1073 952 1134 discipulis,
965 1071 1102 1136 Continget!

169 1142 198 1186 l')
215 1134 340 1185 Caeterum
361 1135 451 1196 quidam
470 1142 518 1181 erat
536 1135 605 1189 dives,
637 1155 660 1188 Α
723 1150 769 1181 non
790 1143 870 1197 potest,
892 1143 917 1182 ut
938 1153 983 1183 noo
1000 1140 1102 1186 nminat

134 1202 172 1263 qui
190 1203 325 1248 induebatur
340 1195 438 1260 pnrpuri
454 1206 477 1245 et
492 1199 567 1260 bysso,
583 1205 606 1246 et
637 1199 784 1247 offendente:
809 1201 849 1246 scd
867 1216 909 1247 vae
927 1201 958 1247 illi
977 1216 1100 1263 perquem

136 1281 184 1312 sese
193 1265 332 1311 exhilarabat
342 1263 441 1323 quotidie
452 1259 573 1324 splendide.
636 1262 759 1311 eveniunt!

168 1334 200 1376 20
216 1330 275 1376 Erat
283 1325 338 1374 verd
346 1327 434 1387 quidam
442 1327 557 1372 mendicus
564 1341 605 1373 oo·
669 1331 685 1372 2
702 1326 801 1388 Expedit
811 1328 831 1374 ei
843 1329 861 1374 si
873 1328 933 1376 mola
948 1328 1042 1376 minans
1057 1330 1101 1377 cir·

138 1392 319 1446 orinelazams,
336 1392 373 1452 qui
390 1392 503 1452 projectus
518 1391 606 1438 eratad
636 1399 783 1452 componatur
804 1391 862 1439 collo
883 1395 938 1456 ejus,
961 1399 984 1439 et
1005 1395 1102 1456 abjectus

138 1458 270 1504 vestibulum
281 1458 336 1518 ejus,
349 1455 477 1511 ulcerosus3
636 1453 736 1501 fueritin
747 1471 814 1510 mare,
823 1456 907 1517 potiris,
919 1453 985 1518 quim
996 1467 1021 1504 nt
1029 1459 1058 1505 sit
1066 1459 1101 1505 us·

170 1526 198 1567 21
218 1521 251 1567 Et
274 1519 400 1566 desiderans
428 1517 520 1565 saturari
544 1518 607 1565 micis
636 1517 747 1566 fendieulo
758 1522 795 1567 uni
806 1537 835 1568 ex
846 1523 919 1582 parvis
930 1522 985 1568 istis.

139 1601 192 1646 quae
206 1586 314 1631 cadebant
329 1599 344 1630 e
359 1579 437 1630 mensis
453 1583 544 1629 divitis:
569 1583 608 1629 sed
668 1581 874 1632 dcavetevobis:
898 1587 921 1632 Si
938 1587 1062 1648 peccaverit
1078 1587 1101 1633 io

138 1659 237 1696 etcanes
252 1648 370 1694 veniebant
385 1663 412 1694 ac
428 1647 543 1708 lingebant
558 1649 606 1710 ejus
637 1653 659 1692 te
670 1646 806 1702 fratertuus,
818 1651 911 1712 objurga
921 1665 989 1706 eum;
1006 1659 1028 1696 et
1039 1651 1102 1696 sire·

141 1715 219 1760 ulcera.
638 1711 734 1772 sipuerit,
746 1714 834 1759 remitte
844 1714 871 1759 ei.

171 1782 202 1823 22
219 1777 315 1824 Factum
337 1783 372 1822 est
393 1782 469 1822 autem
488 1781 514 1821 ut
532 1789 606 1822 more·
670 1779 686 1820 4
702 1775 735 1821 Et
746 1777 763 1822 si
775 1779 855 1838 septies
866 1778 889 1822 in
900 1777 936 1822 die
946 1777 1102 1836 peccaveritis

141 1849 200 1888 retur
221 1841 342 1893 mendicus,
364 1846 388 1885 et
409 1846 560 1900 asportaretur
580 1839 607 1886 ab
638 1845 666 1892 te,
678 1845 701 1885 et
712 1839 875 1900 septiesr'ndie
889 1847 1012 1885 revertatur
1028 1841 1055 1886 ad
1072 1848 1102 1892 te,

140 1906 224 1968 angelis
236 1907 259 1951 in
271 1905 343 1950 sinum
355 1903 495 1960 Abrabami3
515 1903 606 1950 Mortu-
638 1903 719 1956 dicens,
732 1901 842 1964 Resipui3
859 1904 959 1949 remittes
969 1904 997 1948 ei.

141 1987 166 2016 us
176 1978 212 2016 est
226 1965 281 2016 verd
296 1968 363 2015 etiarn
379 1968 449 2023 dives,
465 1981 492 2014 ac
509 1967 608 2029 sepultus
670 1971 686 2013 5
702 1966 769 2012 'Eune
780 1967 883 2014 dixerunt
891 1967 984 2029 apostoli
995 1965 1098 2013 Domino

141 2045 171 2080 est
182 2051 190 2088 3
641 2030 706 2077 Adde
717 2031 780 2078 nobis
791 2030 864 2078 iidem.

172 2103 203 2144 25
220 2097 254 2145 Et
265 2097 322 2159 apud
333 2095 418 2143 inferos
431 2094 521 2142 sublatis
538 2095 608 2142 oeulis
671 2099 686 2142 6
703 2095 771 2143 Dixit
780 2103 854 2143 autem
866 2095 986 2149 Dominus,
1000 2096 1022 2143 Si
1035 2096 1101 2142 habe·

142 2165 192 2217 suls,
207 2177 278 2223 quum
294 2167 353 2208 esset
368 2161 392 2206 in
409 2159 534 2214 tormentis,
554 2160 609 2206 vidit
639 2160 692 2206 retis
710 2159 783 2215 iidem,
805 2162 935 2221 quantulum
954 2169 987 2206 est
1008 2175 1103 2221 granum

143 2228 294 2272 Abrahamum
312 2225 397 2287 procul,
414 2231 438 2271 et
453 2222 568 2270 Lazarum
585 2224 607 2270 in
640 2224 728 2284 sinapis,
740 2224 841 2270 diceretis
849 2225 900 2270 hnic
911 2225 1031 2284 sycamino,
1044 2224 1100 2271 Era·

142 2307 191 2336 srnu
199 2293 255 2352 ejus.
640 2287 730 2341 dicator,
742 2296 765 2333 et
775 2288 886 2348 plantator
896 2288 919 2333 in
930 2289 983 2332 mari
992 2305 1000 2343 ;
1017 2295 1039 2332 et
1050 2289 1103 2333 obe-

174 2358 206 2400 24
221 2354 283 2400 Tum
293 2353 341 2415 ipse
351 2353 451 2400 clamans
461 2351 523 2406 dixit,
542 2350 609 2398 Pater
640 2352 697 2397 diret
708 2351 778 2396 vobis.

145 2419 274 2472 Abrahame,
286 2417 450 2471 misereremei,
459 2417 553 2462 etmitle
562 2415 608 2462 La-
673 2419 687 2462 7
706 2414 764 2469 Quis
775 2421 848 2462 autem
861 2413 960 2460 restriim
977 2413 1042 2459 babet
1058 2428 1104 2459 ser-

144 2498 228 2535 aarum,
240 2489 266 2528 ut
276 2482 371 2544 intingat
379 2487 506 2527 extremum
514 2480 608 2541 digitum
641 2495 694 2526 rum
705 2485 804 2525 arantem
813 2487 852 2526 aut
862 2487 997 2540 pascentem,
1014 2477 1050 2536 qul
1069 2491 1106 2522 re-v

144 2562 206 2592 sunm
217 2547 241 2592 in
252 2561 337 2606 aquarn,
348 2553 372 2594 et
383 2544 500 2606 refrigeret
510 2544 609 2605 linguam
640 2559 719 2605 gresso
730 2544 757 2589 ab
771 2558 826 2604 agro
843 2543 901 2590 dicat
917 2543 998 2595 statim,
1016 2541 1105 2588 Accede

144 2625 232 2666 mesum
255 2611 359 2670 qnoniam
376 2604 510 2672 gravissime
523 2609 610 2654 crucior
640 2615 663 2654 et
674 2607 802 2654 discumbe?

143 2675 165 2719 in
176 2672 219 2720 isti
229 2671 324 2720 dammi.
673 2669 756 2718 simo
768 2687 841 2718 nonne
858 2671 911 2718 dicit
927 2687 954 2726 er,
973 2669 1031 2718 Para
1045 2671 1104 2731 quod

175 2742 206 2786 25
223 2738 290 2784 Dixit
300 2745 374 2784 autem
393 2737 540 2791 Abrahamus,
559 2735 608 2790 bili,
641 2751 739 2790 coenem,
752 2743 775 2782 et
786 2737 922 2798 praecinctus
934 2737 1033 2783 ministra
1044 2736 1104 2790 inihi,

144 2809 256 2848 memento
275 2808 297 2848 te
314 2803 374 2848 buna
394 2810 434 2847 tna
455 2801 564 2862 recepisse
585 2801 609 2847 iu
641 2800 764 2860 usquedum
774 2802 975 2858 ederoacbibero;
993 2807 1016 2846 et
1028 2808 1104 2862 postea

145 2865 189 2912 vitai
199 2863 245 2916 tui,
261 2877 285 2912 et
296 2865 410 2912 Lazarum
422 2865 523 2911 similiter
533 2865 606 2912 mala:
641 2865 700 2910 edito
711 2871 736 2910 tu
747 2871 770 2910 et
779 2864 865 2911 bibito?

145 2944 202 2976 nunc
219 2941 293 2976 autern
309 2930 345 2976 hio
362 2930 463 2976 solamen
482 2929 565 2990 recipit,
585 2935 609 2975 tu
674 2933 689 2975 9
706 2928 769 2974 Num
788 2929 881 2990 gratiam
901 2929 965 2974 habet
985 2943 1049 2972 servo
1067 2927 1104 2977 illi,

145 2991 197 3040 rard
208 2993 320 3040 cruciaris.
642 2993 693 3052 quia
702 2992 755 3038 fecit
766 3008 821 3052 qnae
829 2992 869 3052 ipsi
878 2999 994 3052 praecepta
1002 2989 1104 3035 iireranti

175 3062 207 3105 26
224 3057 257 3104 El
275 3059 303 3105 ad
321 3059 375 3104 haec
395 3056 476 3110 omnia,
494 3057 610 3104 internos
642 3071 688 3102 non
699 3062 760 3116 puto.

145 3130 166 3168 et
177 3138 218 3169 ros
235 3122 307 3168 hiatus
322 3122 404 3183 ingens
420 3120 553 3167 constitutus
569 3129 610 3176 est,
677 3123 707 3164 10
725 3116 793 3164 itaet
804 3133 852 3168 vos,
867 3131 936 3176 quum
948 3114 1044 3160 feceritis
1055 3129 1103 3159 om-

145 3193 169 3232 ut
179 3187 194 3232 ii
205 3187 243 3248 qui
253 3186 332 3232 volunt
343 3187 395 3231 hine
409 3186 503 3230 transire
519 3185 547 3230 ad
561 3201 610 3239 vos,
643 3183 680 3230 nia
690 3197 746 3242 quae
756 3187 872 3242 praecepta
883 3190 934 3225 suut
947 3179 1016 3231 vobis,
1034 3177 1105 3232 dicite,

145 3265 188 3296 non
197 3251 289 3310 possint,
300 3265 372 3310 neque
381 3249 446 3295 istinc
452 3249 495 3295 huc
507 3251 606 3296 transire.
645 3247 708 3293 Servi
719 3245 808 3291 inutiles
820 3259 910 3300 sumus3
927 3257 979 3289 nam
995 3242 1054 3302 quod
1065 3243 1103 3288 de·

175 3317 207 3362 27
224 3314 291 3360 Dixit
301 3321 376 3361 autern
388 3313 432 3365 ille,
450 3312 519 3374 Rogo
534 3321 557 3360 te
568 3314 611 3374 igi-
643 3311 730 3357 buimus
741 3309 820 3362 facere,
831 3308 930 3356 fecimus.

146 3385 187 3432 tur,
200 3385 268 3439 pater,
283 3387 310 3431 ut
321 3393 373 3424 enm
384 3377 459 3423 mittas
469 3378 560 3424 domurn
571 3393 611 3438 pa·
679 3377 705 3420 ll
724 3377 740 3435 ⁴1
755 3373 787 3420 Et
797 3373 880 3420 lactum
890 3380 925 3418 est
935 3371 993 3418 inter
1008 3369 1104 3416 eundum

147 3443 184 3488 tris
195 3443 255 3497 mei3
477 3444 480 3449 '
646 3438 834 3498 Hierosolymam,
852 3443 876 3482 ut
886 3437 933 3496 ipse
950 3433 1052 3480 transiret
1067 3449 1103 3495 pcr

177 3510 208 3552 28
227 3505 307 3552 Habeo
313 3505 374 3551 enim
381 3505 478 3564 quinque
485 3504 576 3559 iratres3
588 3511 612 3550 ut
644 3503 738 3548 mediam
751 3500 871 3548 Samariam
881 3507 905 3546 et
917 3498 1046 3544 Galilaeam.

147 3573 198 3628 haec
210 3576 326 3615 attestetur
337 3569 376 3621 eis,
394 3583 422 3614 ne
430 3580 456 3614 'et
467 3569 507 3630 ipsi
518 3568 609 3614 veniant
679 3571 708 3611 12
725 3566 803 3621 Quum
821 3571 895 3610 autem
914 3562 1066 3622 ingrederetur
1083 3562 1104 3609 iu

154 3635 237 3680 nhuno
248 3634 322 3679 locum
337 3633 449 3678 tormenti.
640 3631 749 3689 quendam
766 3629 846 3680 vicum,
866 3633 1009 3673 occurrerunt
1028 3626 1048 3672 ei
1064 3627 1102 3672 dc·

179 3701 210 3745 29
227 3697 290 3744 Dicit
309 3697 329 3742 ei
349 3696 496 3749 Abrahatnus,
518 3693 609 3741 Habent
640 3708 689 3753 cem
709 3694 750 3740 viri
768 3691 856 3754 leprosi,
874 3703 911 3751 qut
928 3697 1034 3738 steterunt
1052 3705 1097 3754 pru

152 3759 230 3810 tinen
241 3768 264 3808 et
273 3760 407 3860 propheta&
427 3759 516 3805 audiant
527 3775 572 3831 eos.
641 3757 692 3804 cul:
