2734 4314
482 392 709 448 ntat'rltantts,
733 394 813 440 111111.

163 511 206 553 vos
217 504 341 563 quinetiam
359 503 428 549 odere
445 509 471 548 et
487 501 562 546 bibere
578 515 629 546 cum
663 514 722 553 suos,
734 509 757 546 et
767 502 853 548 tradidit
867 503 899 548 eia
909 517 966 564 quse
977 504 1016 550 sili
1027 513 1121 566 neppam

161 567 237 622 sbriu3
663 565 732 610 baut:

192 634 223 676 50
238 629 322 676 Veniet
334 630 441 676 dominus
453 627 513 674 servi
525 627 582 672 illius
595 626 631 672 die
699 632 727 674 15
746 629 777 674 Et
788 629 838 675 huie
852 625 941 689 quidim
958 631 1017 676 dedit
1033 633 1127 692 quinque

161 709 204 748 quo
222 710 266 740 non
281 703 393 754 expectat,
412 701 437 739 et
452 688 498 752 quia
515 689 570 738 horai
585 705 630 736 non
664 692 753 743 talenta.
780 693 816 738 alii
838 701 912 738 autern
934 694 985 746 duo,
1013 695 1048 740 arii
1077 693 1129 742 reri

163 765 231 810 novit,
665 771 751 811 unum;
782 758 900 818 uuicuique
918 755 1039 804 seeundtirn
1061 760 1129 820 ipsura

195 825 221 869 51
242 821 274 867 Et
285 821 396 882 separabit
408 835 467 872 errrrr,
480 834 506 865 ae
515 826 599 880 partem
609 818 629 863 ei
664 819 805 877 facultatem
822 829 845 867 et
856 817 950 882 peregre
967 821 1078 882 protentus
1094 833 1128 872 eat

164 885 282 947 nngnabu
293 901 345 930 eum
362 885 503 945 hypocritis:
529 883 574 932 illle
589 883 632 928 erit
666 884 748 930 statim

178 960 227 996 etus
237 957 260 996 et
272 949 353 996 stridor
365 949 473 994 dentium.
700 951 730 994 16
749 948 866 994 Proimtus
885 959 958 994 autern
978 950 1014 1010 qui
1033 952 1130 1011 quinqu·

667 1011 751 1058 talenta
771 1022 892 1072 acceperat,
909 1013 1036 1074 negotiatus
1051 1025 1085 1060 est
1100 1028 1130 1062 a

303 1074 379 1124 CAP.
405 1073 488 1120 XXV.
666 1076 699 1127 iis,
711 1086 734 1121 et
745 1076 875 1122 lecitaltera
886 1077 983 1136 quinque
994 1078 1082 1124 talenta.
1103 1128 1108 1136 ,

206 1137 350 1188 tUNCerit
361 1139 433 1186 simile
445 1153 539 1198 reguum
556 1137 631 1183 eoelo·
701 1143 729 1187 17
748 1138 828 1186 Itidem
850 1140 929 1199 etqui
948 1139 992 1186 duo
1011 1149 1130 1203 recepe-v,

249 1220 299 1252 rum
320 1204 397 1250 decem
421 1204 550 1263 virginibus,
576 1217 633 1261 quae
667 1203 763 1248 lucratus
775 1211 809 1248 est
819 1211 842 1249 et
852 1203 899 1264 ipse
910 1203 979 1249 altera
988 1205 1040 1251 duo.

167 1269 257 1329 amrptis
275 1269 412 1329 lampadibus
429 1269 479 1316 suis,
491 1267 593 1312 exierunt
609 1265 631 1310 in
702 1271 730 1312 18
753 1267 798 1322 Qui
820 1277 895 1314 autern
918 1283 987 1314 uuum
1009 1279 1129 1331 accepera,

166 1346 279 1380 murrum
291 1333 375 1392 sponsi.
665 1332 717 1378 abiit
728 1339 751 1376 et
761 1331 844 1378 defodit
855 1333 914 1378 r'llud
924 1332 947 1377 in
958 1340 1046 1388 terrun,
1057 1343 1080 1380 et
1091 1351 1127 1382 ot·

197 1400 212 1441 2
229 1396 334 1456 Quinque
345 1405 420 1442 antem
432 1409 461 1440 ex
470 1395 496 1440 iis
504 1402 568 1439 erant
577 1409 630 1453 pru·
665 1396 756 1441 cultam't
767 1397 881 1456 pecuniam
893 1395 976 1442 domini
987 1398 1028 1444 sui.

167 1459 249 1512 dentes,
260 1468 283 1505 et
293 1460 391 1520 quinque
401 1458 484 1503 fatuae.
701 1463 729 1506 19
747 1459 803 1506 Post
813 1460 908 1506 multum
920 1459 973 1506 vent
987 1468 1074 1522 tempus
1091 1479 1128 1508 ve·

196 1528 212 1568 3
229 1523 294 1577 Quae
304 1534 369 1569 eraut
379 1523 461 1574 satirae,
472 1521 566 1581 sumptis
574 1521 630 1566 lam·
664 1524 696 1568 uit
705 1524 930 1571 dominusservoruu
939 1524 1034 1580 illorum,
1045 1535 1127 1574 eteom

167 1588 254 1648 podibus
265 1589 317 1639 suis,
330 1602 377 1634 non
386 1592 490 1646 oeperaut
504 1585 577 1630 oleum
594 1601 630 1630 se·
664 1587 708 1633 lert
719 1589 825 1634 rationem
837 1603 887 1633 cum
899 1589 938 1634 eia.

167 1667 230 1696 eume
696 1656 729 1698 20
745 1651 811 1698 Tune
822 1652 929 1698 accedens
943 1667 962 1697 rs
978 1651 1015 1712 qui
1032 1653 1129 1714 quinque

196 1719 212 1760 4
229 1714 355 1762 Prudentes
368 1711 421 1759 veni
437 1723 541 1773 ceperant
556 1712 629 1758 oleum
665 1715 748 1762 talenta
758 1725 878 1777 acceperat,
893 1716 968 1762 attulit
979 1716 1048 1763 altera
1063 1719 1128 1777 quin-

167 1777 256 1841 invasis
267 1779 319 1831 suis,
338 1775 383 1824 und
399 1793 451 1823 cum
466 1777 630 1837 suislampadi·
664 1795 709 1839 que
726 1780 809 1825 talenta
830 1780 912 1832 dicens,
935 1779 1042 1833 Domine,
1064 1781 1129 1842 quin·

166 1843 212 1888 bus.
665 1859 708 1902 que
719 1843 802 1888 talenta
816 1842 923 1888 tradidisti
940 1843 1001 1896 mihi,
1019 1859 1077 1896 eece,
1097 1845 1128 1889 al-

197 1906 335 1954 5Morante
352 1913 428 1952 autem
445 1920 533 1965 sponso,
554 1901 630 1948 nocti·
666 1913 715 1951 tera
735 1907 832 1966 quinque
854 1906 936 1952 talenta
959 1905 1056 1953 lucratus
1080 1923 1128 1953 sunt

166 1977 216 2016 ,unt
226 1985 303 2016 omnes
314 1986 341 2016 ae
353 1969 498 2015 dormierunt.
665 1971 734 2016 exiis.

196 2039 212 2080 6
228 2031 306 2080 Medii
316 2031 371 2080 verd
387 2042 454 2078 noete
470 2033 553 2078 elamor
569 2039 631 2077 ortus
697 2039 724 2080 21
746 2033 813 2080 Dixit
828 2044 902 2080 autern
919 2034 1059 2088 e1,dorninus
1074 2037 1127 2097 ejus.

166 2106 198 2144 ast
213 2100 346 2152 dicentium,
365 2097 433 2150 Eece,
450 2111 544 2158 sponsus
556 2096 631 2152 veni13
667 2097 731 2145 Bene
747 2107 786 2152 ert,
807 2115 870 2145 serve
888 2099 945 2145 bone
959 2108 981 2145 et
999 2098 1084 2156 fidelis;
1106 2102 1128 2148 iu

168 2163 222 2208 exite
234 2163 256 2207 iu
267 2177 385 2208 occursum
397 2161 452 2222 ejus.
664 2163 747 2223 exiguo
765 2163 825 2209 fuisti
845 2163 922 2215 tidelia,
941 2179 1007 2223 anper
1023 2165 1093 2210 multa
1108 2173 1130 2211 te

197 2225 293 2274 lTunc
315 2231 461 2270 surrexerunt
482 2239 560 2268 omnes
583 2223 633 2268 illae
665 2227 815 2283 constituam
845 2227 962 2287 ingredere
979 2229 1002 2272 in
1023 2230 1128 2289 gaudium

169 2289 271 2350 virgines,
304 2297 328 2335 et
355 2285 492 2334 adornarunt
522 2287 632 2347 lampades
665 2290 799 2335 dominitui.

169 2369 224 2399 suas.
698 2357 729 2397 22
747 2352 862 2399 Accedens
874 2363 946 2397 utitem
959 2355 1028 2412 etqui
1040 2354 1084 2400 dno
1096 2364 1129 2401 ta·

198 2421 212 2461 8
230 2415 314 2463 Fatuae
335 2413 389 2462 uerd
409 2414 551 2476 prudentibus
568 2415 631 2459 dixe·
665 2416 726 2462 lenta
735 2426 855 2476 acceperat,
867 2417 903 2466 ait,
918 2415 1023 2469 Domine,
1040 2418 1084 2462 duo
1096 2428 1128 2466 ta·

168 2489 224 2534 runt,
236 2480 298 2527 Date
309 2480 374 2526 nobis
385 2494 414 2524 ex
426 2479 475 2524 oleo
486 2485 567 2532 vestro,
581 2479 633 2538 quia
666 2481 726 2526 lenta
744 2481 850 2526 tradidisti
870 2480 930 2532 mihi,
950 2495 1008 2532 ecce,
1028 2481 1070 2528 ulia
1084 2483 1129 2528 duo

167 2544 276 2605 lampades
288 2553 378 2590 nostrae
389 2543 556 2603 extinguuntur.
664 2545 761 2591 lucratus
773 2561 821 2590 sum
833 2560 861 2590 ex
873 2545 906 2590 iis.

199 2615 213 2656 9
230 2609 406 2669 Responderunt
423 2616 497 2652 autem
513 2606 632 2666 prudentes
698 2614 729 2654 25
746 2610 787 2655 Ait
797 2612 817 2654 ei
829 2609 932 2654 dominus
943 2610 996 2670 ejus,
1016 2609 1079 2656 Bene
1089 2619 1128 2664 est,

168 2671 220 2724 illae,
237 2673 344 2725 dicentes,
363 2673 526 2730 Nequaquam,
543 2685 571 2715 ne
587 2685 632 2714 non
665 2689 729 2718 serve
740 2675 797 2718 bone
813 2683 834 2719 et
852 2673 937 2729 tidelis;
955 2674 977 2719 in
993 2674 1076 2735 exiguo
1092 2674 1128 2721 iu·

167 2737 258 2782 sufficiat
269 2737 333 2781 nobie
344 2743 368 2780 et
379 2735 455 2779 vobis:
480 2734 510 2778 ite
521 2730 574 2778 verti
590 2749 631 2794 po·
665 2737 701 2782 isti
720 2737 796 2790 tidelis,
815 2753 880 2797 super
897 2737 967 2783 multa
981 2745 1003 2784 te
1019 2739 1128 2784 constitu-

167 2797 297 2845 tidsadeos
308 2797 346 2859 qui
359 2797 465 2852 venduut,
482 2806 505 2843 et
516 2797 575 2858 ipsae
590 2813 631 2843 ro·
665 2815 716 2858 am;
741 2802 857 2863 ingredere
876 2803 898 2847 in
920 2802 1025 2863 gaudium
1046 2803 1128 2848 domim

168 2863 198 2908 tts
209 2865 282 2910 emite.
666 2867 705 2910 tui.

202 2931 229 2972 10
246 2928 325 2980 Quum
336 2933 411 2970 autern
426 2925 510 2970 abirent
525 2933 632 2986 eruptum,
698 2933 730 2975 24
746 2930 862 2976 :accedens
879 2937 953 2975 autem
970 2941 991 2975 et
1008 2929 1045 2990 qui
1060 2943 1129 2974 unrun

169 2991 227 3036 renit
237 3005 349 3051 sponsum
372 2996 395 3034 et
406 3005 461 3048 quae
471 2998 556 3049 paratae
569 2998 633 3036 erant
666 2993 772 3039 talentum
783 3002 902 3052 acceperat,
915 2994 951 3046 ait,
971 2993 1076 3046 Domine,
1088 3008 1129 3038 no·

168 3054 314 3101 innotuerunt
322 3053 445 3098 cumeoad
453 3055 554 3113 nuptim5
573 3053 632 3100 :lau·
666 3073 740 3102 veram
757 3067 780 3100 te
795 3056 907 3100 hominem
924 3056 1003 3100 dururn
1020 3071 1075 3107 esse,
1092 3055 1129 3114 qui

169 3132 233 3178 saque
244 3119 364 3178 estjanta.
665 3129 736 3166 aretas
748 3119 784 3164 ubi
795 3133 840 3163 uon
857 3118 939 3171 sevisti,
956 3127 979 3163 et
995 3118 1046 3163 inde
1061 3133 1130 3179 cogas

202 3185 227 3227 11
247 3179 332 3228 Postea
344 3176 496 3226 rerdreniunt
504 3190 527 3226 et
536 3181 632 3239 reliquae
667 3184 701 3228 ubi
714 3197 758 3227 uon
771 3181 867 3240 sparsisti
878 3197 885 3235 ;

170 3245 271 3308 riagines,
288 3245 395 3296 dicentes,
414 3243 520 3298 Domine,
535 3245 631 3298 domine,
698 3249 729 3292 25
749 3244 826 3304 ltaque
836 3245 923 3298 umens,
935 3245 975 3290 abii
988 3251 1010 3289 et
1021 3244 1129 3294 occulunt

169 3311 224 3371 aperi
239 3310 309 3356 nobis
666 3311 772 3356 talentum
785 3317 847 3354 tuum
859 3308 881 3354 in
899 3318 971 3364 terra3
989 3323 1047 3362 ecee,
1064 3309 1129 3358 habea

201 3377 230 3419 12
247 3372 299 3434 Ipse
307 3368 361 3418 uerti
369 3371 546 3431 respondrnsu't,
557 3373 631 3416 Arnen
666 3375 725 3436 quod
737 3385 798 3418 tuum
810 3383 850 3418 est

170 3435 296 3489 dcovobis
309 3436 418 3484 nonnoni
432 3451 478 3482 vos
699 3443 729 3484 26
753 3437 900 3502 Respondeas
927 3446 1000 3482 autem
1028 3436 1130 3484 dominus

201 3505 230 3546 13
247 3500 348 3561 Vigilate
360 3499 438 3557 itaque,
456 3500 507 3558 quis
518 3515 589 3559 neque
604 3501 632 3546 11-
668 3503 713 3564 ejus
731 3502 787 3547 dixit
804 3502 830 3552 ei,
850 3501 920 3545 Serve
935 3500 993 3546 male
1008 3509 1031 3549 et
1041 3501 1130 3561 ignave,

170 3562 211 3611 lum
228 3565 295 3617 diem,
314 3578 386 3621 neque
398 3563 455 3608 illam
468 3565 551 3615 horam,
564 3566 630 3616 scitis,
667 3568 749 3612 sciebas
761 3579 796 3609 me
807 3569 889 3608 metere
901 3564 935 3608 ubi
945 3579 991 3610 non
1000 3565 1053 3619 seri,
1064 3573 1087 3612 et
1095 3566 1130 3613 ia-
1149 3589 1161 3606 κ

169 3626 208 3689 aot
221 3627 401 3692 Filius'honrinis
412 3627 491 3672 veniet.
668 3633 694 3676 rle
706 3643 787 3688 eogere
799 3627 834 3672 ubi
846 3641 890 3671 non
903 3627 984 3686 sparsi:

200 3696 229 3738 14
247 3695 287 3739 lta
299 3691 359 3736 enirn
372 3698 401 3734 est
415 3699 439 3734 ut
447 3705 515 3744 quum
526 3691 632 3749 quispiam
700 3697 730 3736 ⁴27
749 3689 854 3750 (lportuit
864 3706 919 3750 ergo
931 3703 953 3738 te
965 3691 1050 3738 tradere
1063 3707 1129 3752 prece·

174 3747 261 3810 peregri
280 3748 527 3858 proficiscemlvocavit
548 3765 624 3796 servos
656 3753 714 3796 niam
737 3756 948 3802 mearnmeasar'is·
972 3764 995 3802 et
1008 3770 1129 3816 egoquum

402 3829 417 3856 a
904 3831 910 3840 ,
