2756 4320
555 423 725 474 EPISTOLA
743 422 850 473 PAULI

230 535 360 588 auodDeus
412 531 519 578 tihcatur:
538 531 688 578 namsillllue
719 547 769 578 mus
779 529 935 577 assimilatione
950 531 1028 578 mortis
1044 533 1098 594 ejus,
1122 541 1182 582 nimi

230 599 292 644 anius
300 597 359 644 oil'en
394 596 457 642 multi
469 596 550 642 mortui
562 601 619 648 sunt,
631 595 689 640 mul-
719 611 768 640 rum
774 595 840 642 etiam
848 596 1012 642 resurrectionis
1019 597 1183 644 assimuauona

229 659 252 706 td
270 662 342 722 magis
357 661 429 722 grau'a
446 659 490 704 Dei
507 666 529 705 et
545 659 634 704 donatio
651 674 691 719 per
720 673 772 706 cum
783 674 807 704 eo
818 658 981 705 coalescemus:

229 725 329 787 gratiam,
358 739 399 769 uae
412 731 444 769 cat
461 723 525 769 unius
542 723 600 768 illius
617 723 689 767 homi·
752 727 768 768 6
785 720 843 768 Illud
851 723 951 776 scientes,
957 729 1053 768 veterem
1060 723 1121 768 illurn
1130 739 1183 770 noe·

229 787 328 838 nisJesu
342 739 431 842 Christi,
448 787 470 834 in
484 787 565 832 multos
582 786 690 832 redundu-
720 796 779 831 trum
797 786 908 830 hominem
931 802 981 831 cum
1003 803 1030 832 eo
1052 786 1182 833 crucifixum

231 851 269 897 vit.
720 864 775 900 esse.
788 856 813 894 ut
823 849 934 895 aboleatur
949 865 1029 910 corpus
1045 851 1136 910 peccati,
1154 865 1182 896 ne

264 917 293 960 16
308 913 387 974 Neque
395 915 484 960 utillud
491 915 550 974 quod
557 914 645 959 introiit
653 928 692 974 per
721 927 762 958 nos
773 910 866 972 amplitls
877 913 997 959 serviamus
1008 921 1105 974 peccato.
1141 905 1144 918 '

231 993 298 1026 unum
318 981 355 1038 qui
377 978 482 1039 peccavit,
504 980 537 1022 ita
557 986 589 1024 cst
608 975 690 1022 benefi-
753 978 768 1022 7
785 975 877 1022 Etenim
888 978 925 1037 qui
936 984 1036 1023 mortuus
1047 985 1087 1032 est,
1104 977 1181 1022 libera·

143 1086 148 1105 q
231 1042 306 1088 alume
331 1057 382 1087 nam
394 1050 466 1088 reatus
475 1037 562 1102 quidem
571 1036 692 1088 estcxunai
721 1045 757 1085 tus
768 1048 933 1100 estapeccato.

232 1101 315 1152 offerrui
335 1106 363 1151 ad
384 1106 605 1152 condemnationem:
633 1104 691 1164 quod
752 1099 1096 1156 8Quddsimortuisumuscum
1105 1101 1182 1152 (hr‘s

233 1177 304 1215 urtam
316 1168 451 1230 gratificatur
462 1171 527 1216 Deus
538 1176 569 1214 eat
581 1183 609 1214 ex
618 1167 692 1212 multis
722 1173 752 1219 to,
764 1167 874 1212 credimus
892 1167 938 1214 lore
956 1175 980 1214 ut
998 1169 1060 1214 etiarr
1082 1168 1183 1215 vivamus

233 1232 320 1279 offensis
331 1233 551 1294 adjustificationem.
722 1245 773 1275 cum
788 1245 830 1276 eo:

266 1299 294 1343 17
312 1296 403 1342 Etenim
420 1297 437 1341 si
455 1312 494 1357 per
510 1311 575 1341 unam
587 1293 692 1340 offensum
756 1299 770 1340 9
784 1293 817 1340 Ut
823 1293 860 1354 qui
868 1294 961 1341 sciamus
970 1292 1084 1341 Christum
1090 1294 1181 1342 suscita

232 1373 292 1404 mors
301 1361 401 1420 regnavit
409 1375 448 1420 per
457 1375 532 1412 unum,
544 1356 614 1404 multd
622 1359 693 1418 magis
723 1363 770 1403 turn
782 1372 810 1402 ex
821 1359 920 1412 mortuis,
938 1373 983 1404 non
999 1356 1092 1419 ampl'nls
1108 1359 1181 1406 mori:

231 1423 252 1468 it
261 1423 297 1482 qui
314 1423 479 1468 redundantiam
496 1421 554 1467 iliam
571 1422 655 1482 gratiae
671 1429 694 1466 et
722 1427 824 1476 mortem,
841 1423 943 1483 inquunt,
954 1423 974 1468 ei
986 1438 1031 1468 non
1042 1419 1173 1483 amplitlsdo

232 1486 282 1531 doni
290 1487 390 1548 justitiae
401 1486 514 1545 recipiunt,
526 1486 548 1530 in
558 1483 603 1530 vitai
612 1496 692 1546 regna·
723 1485 809 1530 minari.

234 1556 285 1598 suut
295 1564 334 1610 per
345 1564 413 1594 unum
425 1547 503 1595 Jesurn
517 1547 637 1596 Clrn'sturn.
758 1552 788 1593 10
804 1548 864 1594 Nam
873 1545 932 1609 qudd
940 1555 1040 1595 mortuus
1047 1555 1183 1610 estpccmto

266 1616 295 1658 18
312 1611 401 1674 Nempe
411 1613 485 1674 igitur,
503 1613 560 1658 sicut
575 1628 614 1672 per
626 1627 692 1657 unam
723 1618 865 1658 mortuusest
876 1612 956 1658 semel:
976 1610 1034 1674 qudd
1043 1614 1183 1668 autemvivit,

232 1673 338 1722 offensam
348 1681 426 1722 renisu
434 1677 494 1722 venit
503 1677 525 1721 ln
534 1691 611 1720 omnes
620 1675 692 1720 borni-
724 1675 780 1721 vivit
792 1675 851 1721 Deo.

235 1754 271 1788 tes
280 1741 307 1786 ad
315 1739 526 1793 condemnationem,
539 1740 569 1785 ita
579 1755 618 1801 per
626 1754 692 1784 unam
758 1742 784 1784 ll
804 1738 841 1785 Ita
850 1739 915 1786 etiam
925 1755 965 1785 vos
973 1740 1076 1802 colligite,
1087 1747 1183 1786 vastum

231 1803 407 1866 justificationem
414 1805 546 1868 beneficium
555 1805 693 1849 redundavit
723 1810 824 1848 mortuos
841 1819 890 1849 esse
906 1812 1003 1864 peccato,
1024 1813 1070 1850 tum
1086 1801 1138 1849 verd
1150 1804 1183 1849 vi·

232 1869 254 1913 in
266 1884 343 1914 omnes
359 1869 459 1914 homines
475 1868 503 1914 ad
514 1866 693 1930 justificationem
724 1882 776 1912 vere
789 1865 840 1912 Deo
851 1883 891 1927 per
905 1866 1019 1914 Christum
1036 1867 1114 1915 Jesurn
1132 1867 1182 1914 Do·

232 1933 297 1978 vitae.
724 1931 809 1976 minum
824 1939 930 1976 nostrum.

267 1998 296 2042 19
313 1994 375 2040 Sicut
393 1995 450 2041 euim
468 2011 507 2056 per
524 1995 693 2040 inobedientiam
758 1998 788 2039 12
805 1993 843 2039 Ne
854 2001 946 2055 regnato
957 1993 1024 2056 igitur
1035 2002 1149 2056 peccatum
1163 1995 1185 2040 iu

232 2059 296 2104 unius
317 2058 412 2104 hominis
434 2065 559 2120 peccatores
580 2057 694 2104 constituti
724 2057 811 2103 mortali
829 2065 903 2104 vestro
920 2073 1018 2118 corpore,
1038 2065 1063 2104 ut
1081 2059 1184 2105 obediam

230 2128 284 2166 eunt
294 2121 363 2173 multi.
381 2122 411 2167 ita
422 2137 460 2182 per
472 2123 536 2168 unius
547 2121 692 2167 obedientiam
724 2129 814 2183 peccato
825 2121 848 2166 in
859 2121 1011 2183 cupiditatibus
1021 2122 1126 2184 corporis.
1214 2167 1218 2174 ,

232 2185 289 2246 justi
300 2185 462 2231 constituentur
472 2195 543 2230 mutu.
759 2189 788 2230 15
805 2185 885 2245 Neque
906 2185 978 2231 sistite
997 2187 1095 2232 membra
1112 2192 1186 2234 vestra

264 2253 296 2294 20
313 2247 363 2294 Lex
374 2246 426 2294 verd
437 2258 549 2310 praeterea
559 2249 651 2303 introiit,
668 2256 694 2295 ut
724 2263 785 2294 arura
799 2249 916 2309 injustitiae
932 2257 1036 2310 peccato:
1061 2249 1099 2295 sed
1116 2250 1186 2296 sistite

232 2312 362 2358 redundaret
373 2312 456 2359 oil'ensa
472 2313 524 2359 ittaz
549 2313 587 2359 sed
604 2315 639 2360 ubi
658 2328 693 2358 re·
725 2329 766 2358 vos
775 2304 833 2367 Deo,
843 2319 902 2359 utex
909 2313 1001 2358 mortuis
1008 2313 1077 2366 vivos,
1085 2319 1186 2359 etmem·

232 2377 339 2423 dundavit
349 2385 470 2438 peccatum,
488 2378 521 2422 iti
531 2377 693 2440 superabunda·
725 2378 764 2422 bra
775 2382 848 2422 vestra
858 2391 919 2422 arma
924 2377 1024 2438 justitiae
1036 2376 1096 2423 Deo.

232 2441 264 2486 vit
277 2441 364 2504 gratia:
760 2443 789 2485 14
807 2439 926 2486 Peccatum
937 2441 996 2486 enim
1007 2440 1069 2486 vobis
1083 2456 1128 2486 non
1145 2441 1185 2486 do·

264 2509 291 2549 21
315 2504 347 2550 Ut
363 2505 546 2563 quemadmodum
563 2510 695 2564 regnaverat
725 2503 854 2549 minabiturr
874 2504 989 2550 nonenim
1003 2505 1056 2550 estis
1073 2505 1113 2550 sub
1129 2504 1185 2566 lege¹

232 2573 345 2627 peccatum
354 2568 381 2613 ad
393 2575 493 2619 mortem,
505 2569 536 2613 ita
546 2568 612 2612 etiam
623 2568 696 2628 gratia
725 2567 764 2613 sed
775 2569 814 2612 sub
824 2565 902 2628 gratini.

232 2637 334 2690 regnaret
342 2645 381 2690 per
387 2631 495 2692 justitiam
505 2631 532 2676 ad
543 2631 611 2676 vitum
622 2639 694 2676 aeter·
760 2633 789 2677 15
806 2631 868 2683 Quid
876 2629 959 2692 igitur?
975 2631 1118 2691 peccabimus.
1128 2628 1185 2690 qudd

233 2707 290 2744 nam,
302 2707 340 2752 per
351 2692 429 2740 Jesum
443 2692 557 2741 Christum
568 2693 694 2740 Dominum
725 2710 771 2740 non
782 2694 851 2740 simus
862 2695 969 2756 sublege,
986 2695 1025 2740 sed
1041 2697 1081 2741 sub
1096 2694 1185 2756 gratia?

233 2763 340 2801 nostrum.
726 2759 797 2803 Absit.

760 2824 789 2867 16
805 2821 844 2870 An
855 2821 944 2867 nescitis
951 2817 1011 2881 qudd
1018 2822 1053 2868 cui
1063 2822 1137 2868 sistitis
1146 2837 1187 2870 vos

394 2879 468 2931 CAP.
490 2881 536 2929 VI.
726 2900 802 2930 servos
823 2886 850 2931 ad
878 2885 1028 2939 obediendum,
1055 2887 1102 2947 ejus
1129 2886 1187 2932 servi

296 2944 360 2993 UIl)
371 2946 439 3008 igitur
448 2947 562 2994 dicemus?
577 2963 694 3009 permane·
724 2949 778 2994 estis
799 2949 833 2994 cui
856 2949 954 3002 obeditis,
982 2950 1028 2995 sive
1055 2951 1138 3010 peccati
1161 2965 1186 2995 ac

313 3011 384 3106 blqnus
393 3012 415 3058 in
424 3019 520 3073 peccato,
530 3019 553 3058 ut
561 3013 633 3074 gratia
641 3028 694 3058 auc-
725 3020 826 3066 mortem,
849 3012 896 3058 sive
917 3013 1052 3060 obedientiae
1075 3013 1102 3060 ad
1119 3014 1186 3076 justi·

234 3076 277 3124 tior
288 3075 341 3121 hat.
725 3075 798 3121 tiam?

266 3143 281 3184 2
298 3139 375 3185 Absit:
395 3139 605 3198 quimortuisumus
616 3155 694 3202 pecca-
760 3142 789 3184 17
808 3137 886 3185 Gratia
904 3145 977 3186 autent
996 3141 1026 3186 sit
1046 3139 1105 3194 Deo,
1128 3137 1187 3200 qudd

234 3211 263 3256 to,
275 3203 386 3263 quomodo
397 3203 498 3249 vivemus
509 3203 531 3248 in
542 3202 590 3248 eo?
725 3201 797 3248 suisne
814 3201 904 3262 quidem
922 3203 979 3250 servi
997 3205 1086 3265 peccati,
1105 3205 1143 3250 sed
1159 3219 1187 3250 ex

265 3271 281 3311 5
299 3267 336 3311 An
347 3267 460 3327 ignoratis,
473 3282 513 3312 nos
524 3271 632 3327 quotquot
641 3266 695 3326 bap·
726 3267 792 3312 corde
803 3267 905 3312 obedistis
916 3267 936 3312 ei
947 3267 1031 3314 formae
1042 3267 1154 3314 doctrinae
1165 3268 1187 3314 in

234 3330 296 3376 iizati
308 3345 384 3375 sumus
398 3329 419 3373 in
438 3328 552 3377 Christum
568 3329 654 3384 Jesunr,
671 3330 694 3375 in
726 3345 791 3390 quam
803 3330 856 3374 estis
867 3329 946 3375 traditi.

235 3403 327 3440 mortem
339 3395 386 3454 ejus
397 3408 446 3438 esse
456 3393 599 3452 baptizatos?
761 3396 789 3438 18
807 3393 839 3438 Et
848 3393 930 3438 liberati
939 3409 952 3439 a
962 3403 1058 3454 peccato,
1071 3395 1186 3455 mancipati

266 3461 281 3500 4
299 3456 382 3516 Sepulti
395 3471 470 3500 sumus
481 3456 549 3516 igitur
559 3471 609 3500 curn
621 3471 648 3500 eo
657 3471 696 3516 per
726 3455 778 3502 estis
785 3457 886 3518 justitiae

234 3519 510 3579 baptismumlumortem3
528 3519 694 3564 utsicutsusci·
761 3524 790 3566 19
808 3519 1185 3581 Hominummoreloquor‚propter

235 3591 292 3628 ntus
303 3589 337 3627 est
350 3580 452 3628 Christus
463 3598 491 3628 ex
502 3583 594 3628 mortuis
605 3583 628 3628 in
644 3583 695 3644 glo·
725 3582 874 3628 infirmitatem
885 3583 957 3629 carnis
966 3590 1059 3629 vestrae.
1092 3583 1187 3644 Nempe

235 3644 289 3688 riam
302 3643 381 3698 Patris,
398 3645 430 3691 ita
439 3653 462 3691 et
473 3661 513 3691 nos
524 3643 583 3692 novit
598 3643 645 3692 viti
660 3647 695 3692 iu·
726 3647 783 3692 sicut
794 3647 869 3691 sistitis
880 3647 978 3692 membra
988 3655 1061 3692 vestra
1072 3661 1136 3694 serva
1147 3649 1187 3694 im-

235 3708 345 3754 oedamus.
726 3709 814 3770 puritati
831 3717 854 3755 et
871 3709 986 3770 iniquitati,
1004 3709 1032 3755 ad
1043 3718 1186 3770 patrandum

266 3769 282 3814 5
299 3765 359 3813 Nam
371 3767 389 3812 si
400 3782 489 3874 ouqnweo
504 3770 596 3831 plantati
612 3771 695 3818 coalui-
726 3771 876 3833 iniquitatem·
898 3773 930 3820 ita
940 3787 999 3820 nunc
1010 3773 1080 3821 sistite
1090 3773 1166 3821 memb
