2734 4314
546 429 696 490 MARCUS
717 433 773 483 XV.

177 535 296 602 pontificem
308 539 449 594 maximum
466 551 522 584 oum
534 549 641 598 quocon-
669 534 720 585 auld
735 537 833 593 inierids,
853 540 912 588 venit
926 541 1033 602 quaedam
1049 557 1078 590 ex
1094 556 1131 592 aa

176 609 280 648 emerunt
298 616 376 648 omnes
391 602 491 662 primarii
510 602 641 656 sacerdotes,
670 602 726 648 ciliis
738 603 847 664 pontilicis
858 605 966 651 mammis

176 665 445 718 etseuioresetaeribae.
703 670 734 714 67
753 667 860 728 thuum
869 669 959 716 vidisset
968 668 1132 716 Petrumseoa·

204 731 236 775 54
254 727 335 775 Petrus
346 736 447 775 auteme
462 728 588 804 longinquo
605 745 640 775 se·
670 728 815 784 lesacientern,
830 732 910 779 intuita
922 733 1007 779 ineunt
1023 734 1085 782 dixit.
1105 733 1133 781 in

176 799 253 852 quotus
263 799 298 838 est
308 808 367 846 eum
384 789 444 839 antro
453 808 525 853 usque
536 808 558 838 ιιι
569 793 640 840 arriani
671 802 694 840 tu
706 809 756 840 curn
768 794 889 842 Naaareno
900 795 955 844 Jeau
967 813 1023 843 eras.

177 855 282 914 pontilicis
292 871 399 912 maxrnn
416 864 440 903 et
451 857 579 903 considebat
590 873 639 903 curn
703 862 733 904 68
753 857 804 920 lpse
815 875 868 906 vero
877 861 974 922 negavit,
985 861 1067 912 dicens,
1082 861 1133 908 Non

176 919 285 975 ministris,
302 927 326 966 et
341 890 483 967 caleiaeiebat
499 935 546 968 sese
561 921 611 968 ad'
605 937 640 984 rg-
671 922 722 968 novi
740 925 812 976 ilium,
831 925 1134 1001 nequescioquidtudicas.

176 996 232 1030 nem.
671 985 703 1032 Et
714 987 783 1032 exivit
794 984 858 1032 extra
869 988 890 1033 in
902 989 1041 1042 vestibulum,
1052 997 1075 1036 et
1085 990 1135 1052 gal·

206 1050 237 1094 55
254 1047 357 1094 Primarii
369 1065 423 1094 vero
414 1045 565 1103 sacerdotes,
573 1057 596 1095 et
605 1057 639 1095 to-
670 1049 705 1095 ius
716 1065 795 1096 vocem
806 1051 886 1096 emisit.

177 1117 210 1157 'us
218 1128 335 1158 comesses
345 1114 480 1174 quaerebant
489 1113 639 1159 testrmomurn
703 1118 736 1160 69
752 1113 818 1160 Tunc
829 1115 909 1160 ancilla
924 1129 995 1190 quum
1010 1131 1085 1162 rursus
1101 1117 1132 1162 ri·

179 1174 279 1222 sdversds
286 1175 372 1231 Jesum,
384 1184 410 1222 ut
420 1193 472 1222 eum
483 1187 556 1222 morte
569 1178 628 1224 mule
671 1177 739 1224 disset
750 1179 1053 1239 eum,coepitdieere'nsqu1
1047 1179 1135 1228 adsta·

177 1238 260 1296 arcon
277 1255 319 1286 neo
329 1241 478 1286 inveniebant.
671 1248 729 1295 nant,
743 1241 1016 1320 Hicestunusexipsis.

206 1307 237 1350 56
254 1303 313 1350 Nam
326 1305 639 1352 multifalsurntestimonium
703 1309 736 1352 70
753 1304 805 1367 lpse
814 1321 866 1352 vero
876 1322 962 1352 rursum
972 1307 1068 1368 negavit.
1103 1307 1134 1356 Et

178 1367 273 1414 scebant
282 1366 388 1414 adversris
399 1385 458 1422 eum,
471 1369 509 1414 aed
522 1378 641 1416 nouerant
671 1385 746 1416 rursus
757 1367 822 1430 pauld
836 1368 886 1431 pdst
902 1372 939 1450 qui
956 1371 1070 1418 adstabant
1085 1373 1134 1418 dix·

176 1431 340 1493 pan'aipsorum
351 1433 486 1478 testimonia.
670 1442 736 1479 erunt
754 1433 828 1487 Petro,
851 1431 911 1480 Veni
926 1451 954 1480 ex
966 1451 1018 1496 ipsis
1029 1451 1066 1482 es
1085 1445 1132 1483 ete·

205 1499 235 1543 57
252 1496 318 1542 Tunc
334 1497 424 1556 quidam
445 1509 595 1550 surrexerunt,
616 1505 639 1542 et
671 1498 716 1542 nim
727 1499 877 1554 Galilaeuses,
889 1508 911 1545 et
920 1500 1002 1546 locutio
1011 1508 1049 1546 tua
1057 1501 1134 1547 srmrbs

175 1558 227 1606 falsa
234 1561 307 1606 testati
316 1572 368 1606 sunt
376 1558 485 1607 adversus
494 1576 551 1614 euin,
563 1561 638 1606 dioen-
669 1569 710 1608 est

175 1629 213 1677 tes,
525 1645 530 1655 ¹
702 1629 730 1672 71
751 1625 803 1687 Ipse
813 1634 887 1672 autem
899 1628 971 1688 coepit
987 1629 1095 1674 exsecrari
1112 1637 1135 1674 et

204 1691 235 1734 58
252 1687 303 1734 Nos
314 1689 440 1735 audivimus
454 1703 505 1734 eum
522 1689 637 1743 dicentem,
665 1689 747 1749 jurare,
759 1693 843 1744 dicens,
857 1691 911 1737 Non
921 1707 972 1737 nost
967 1693 1108 1738 'honrinern
1103 1709 1133 1738 rs·

174 1749 226 1812 Ego
238 1753 349 1798 destruam
361 1753 470 1827 templum
483 1753 525 1798 hoe
536 1755 594 1813 quod
605 1761 640 1798 est
670 1761 717 1798 tum
728 1769 793 1813 quem
805 1754 884 1800 dicitis.

174 1817 272 1862 manibus
294 1817 384 1870 sactum,
412 1824 436 1862 et
463 1817 522 1861 intra
543 1818 638 1862 triduum
710 1821 740 1862 72>
757 1817 822 1863 Tunc
845 1816 941 1863 secundd
962 1819 1035 1878 gallus
1057 1835 1134 1866 vooern

173 1881 254 1939 absque
269 1882 370 1926 manibus
386 1881 470 1926 iactum
489 1881 547 1928 aliud
563 1881 637 1926 aedili·
669 1882 749 1926 emisit.
778 1881 810 1926 Et
818 1882 944 1927 recordatus
952 1891 986 1927 est
997 1882 1076 1927 Petrus
1084 1899 1134 1928 ver

173 1944 233 1988 cabo.
670 1947 748 1990 borum
766 1960 822 2003 qnae
837 1945 951 1990 dixerat
932 1960 953 1990 er
964 1945 1038 1998 Jesus
1057 1945 1134 1992 Prius·

204 2011 236 2054 59
254 2008 298 2053 Sed
309 2023 337 2054 ne
348 2008 379 2053 sic
391 2008 480 2068 quidem
491 2023 530 2068 par
538 2017 585 2074 erat
593 2017 639 2056 tes·
671 2023 736 2068 quarn
745 2009 817 2068 gallus
826 2024 903 2053 soeem
911 2009 943 2054 bis
952 2009 1041 2062 miserit,
1054 2015 1088 2054 ter
1098 2025 1135 2057 me

173 2071 289 2116 timonium
300 2088 385 2118 eorum
670 2073 740 2132 abneg
734 2073 794 2118 abis.
830 2073 861 2118 Et
872 2089 939 2134 quum
951 2089 974 2120 so
984 2090 1006 2134 p
1001 2074 1133 2135 onpursset,

204 2141 236 2181 60
252 2135 318 2182 Tune
329 2135 430 2196 pontifex
442 2137 558 2190 maximus,
572 2152 639 2197 quum
671 2136 738 2182 flevit.

173 2200 328 2244 assurrexisset
339 2201 361 2245 in
373 2200 478 2252 medium,
495 2201 641 2261 interrogavit
686 2209 688 2214 '

173 2261 257 2316 Jesum,
275 2264 356 2316 dicens,
376 2263 431 2308 Non
448 2265 566 2324 respondes
577 2265 639 2324 quic·
827 2263 901 2311 CAP.
926 2265 981 2311 XV.

174 2327 258 2386 quam?
283 2328 335 2387 quid
346 2329 405 2372 illud
419 2335 452 2372 est
468 2330 527 2387 quod
543 2329 577 2373 isti
599 2329 638 2374 ad·
705 2325 826 2372 ΙἸἈΤΙΜ
835 2336 915 2380 antem,
924 2325 989 2373 mand
998 2328 1090 2375 consilio
1099 2330 1128 2375 in·

174 2389 261 2436 versrim
273 2399 295 2436 te
306 2390 470 2438 testificantur?
673 2400 692 2443 t„
739 2391 777 2443 ito,
790 2392 868 2436 summi
881 2391 1004 2436 sacerdotes
1015 2407 1066 2436 cum
1075 2393 1130 2437 seni-

205 2459 232 2500 61
254 2453 306 2516 lpse
323 2453 377 2501 veni
393 2455 478 2507 silebat,
496 2464 518 2503 et
535 2456 588 2501 nibil
604 2471 639 2501 re-
670 2454 744 2499 oribus
761 2462 783 2499 et
797 2455 878 2503 scribis,
897 2461 999 2514 totosque
1010 2471 1132 2508 consessus.

174 2520 266 2578 spondit.
300 2519 402 2564 Rursum
419 2519 519 2579 pontifex
530 2521 639 2566 maximus
669 2519 768 2564 vinctum
786 2518 864 2565 Jesunr
882 2519 1025 2572 abduxerunt,
1040 2520 1123 2566 tradide

173 2598 223 2628 eum
240 2583 394 2644 interrogavit,
413 2591 436 2627 et
453 2582 508 2628 dixit
523 2584 550 2635 ei,
573 2585 639 2630 Tune
669 2591 764 2642 runtque
778 2582 856 2628 Pilato.

173 2661 197 2692 es
205 2647 240 2693 ille
253 2645 363 2700 Christus,
378 2646 448 2692 Filius
460 2647 516 2692 illius
529 2646 638 2693 Benedie·
708 2651 723 2690 ‘2
743 2647 775 2692 Et
798 2647 943 2707 interrogavit
966 2663 1017 2694 eum
1043 2647 1133 2706 Pilatus,

174 2711 206 2756 ti?
673 2711 739 2756 Tune
753 2727 777 2756 es
793 2711 830 2758 ille
847 2727 886 2757 rex
903 2711 1059 2758 Judaeorum?
1083 2711 1133 2775 Ipse

204 2781 235 2822 62
251 2775 319 2823 Jesus
330 2781 405 2820 autem
421 2774 481 2828 dixit,
500 2775 553 2836 Ego
566 2789 635 2821 sum:
668 2773 721 2820 verd
734 2777 868 2837 respondens
880 2777 934 2822 dixit
945 2777 972 2832 ei,
984 2777 1021 2822 Tu
1033 2779 1094 2823 dicis.

173 2847 194 2884 et
204 2841 306 2886 videbitis
319 2838 401 2885 Filium
413 2839 507 2884 hominis
525 2839 637 2884 sedentem
700 2843 716 2884 ὅ
733 2839 766 2885 Et
776 2842 906 2886 accusabant
917 2857 967 2886 eum
978 2842 1079 2902 *primarii
1098 2857 1132 2887 sa·

173 2904 199 2949 ad
209 2905 310 2950 dextram
322 2904 434 2964 potentiae
445 2905 499 2956 Dei,
511 2911 534 2948 et
545 2903 637 2948 venien·
668 2903 768 2949 cerdotes
780 2905 807 2950 de
818 2905 899 2950 inultis.

174 2975 217 3013 tem
229 2983 279 3014 curn
289 2968 384 3012 nubibus
395 2967 458 3012 coeli.
701 2971 716 3011 4
736 2967 820 3014 inlatus
831 2977 904 3012 autem
917 2983 992 3013 rursus
1007 2969 1132 3028 interroga·

204 3037 235 3078 63
253 3031 360 3078 Pontifex
371 3029 637 3092 maximusverddisrup-
669 3031 702 3077 vit
728 3047 786 3084 eum,
815 3033 896 3083 dicens,
931 3031 985 3075 Non
1014 3031 1133 3090 respondes

174 3096 200 3141 tis
211 3097 309 3142 vestibus
321 3111 367 3141 suis
376 3094 436 3148 dunt,
448 3095 509 3148 Quid
517 3096 587 3141 adbuc
597 3111 638 3141 no
669 3094 798 3154 quiequam?
820 3109 877 3144 ecce,
890 3107 956 3151 quarn
969 3094 1039 3138 multa
1054 3095 1130 3138 adver

173 3159 204 3206 bis
214 3175 270 3220 opus
281 3166 315 3205 est
327 3159 435 3204 testibus?
670 3155 708 3204 sris
719 3161 741 3202 te
752 3155 903 3201 testificantur.

204 3229 235 3270 64
252 3223 356 3270 Audistis
379 3222 551 3300 blasphemiam:
587 3223 639 3283 quid
703 3223 718 3266 5
735 3219 802 3267 Jesus
821 3230 894 3264 autern
914 3218 968 3264 nihil
987 3216 1081 3280 amplids
1096 3237 1133 3268 re·

174 3289 234 3334 vobis
245 3286 352 3334 videtur?
375 3285 411 3331 Illi
428 3284 482 3332 verd
494 3302 572 3332 omnes
583 3303 637 3333 oon·
671 3284 765 3346 spondit,
778 3285 832 3329 adeo
844 3292 868 3328 ut
880 3283 994 3328 miraretur
1009 3283 1102 3331 Pilatus

172 3347 484 3412 tmeumJudicitrutitipsum
497 3351 567 3396 teneri
578 3367 638 3396 mor·
703 3345 1135 3408 6Caeteninrsingulisiestisdimitte·
1166 3408 1169 3416 ι

172 3415 200 3462 bs
210 3431 267 3477 poen
262 3413 287 3461 it
669 3413 735 3460 bat'
717 3429 749 3459 ers
760 3427 828 3459 unum
840 3426 868 3457 ex
880 3412 965 3466 vinctis,
981 3427 1134 3474 quemcunque

204 3485 234 3526 65
253 3479 286 3526 Et
297 3485 418 3538 coeperunt
431 3478 542 3538 quidam
537 3493 639 3554 inspuere
669 3475 825 3539 postuldssent.

174 3541 197 3590 ‘m
213 3559 272 3596 eum,
293 3549 316 3588 et
336 3544 440 3603 obtegere
455 3542 563 3588 faeiem
544 3558 598 3617 qais,
617 3551 639 3589 et
703 3541 792 3588 7Erat
803 3556 856 3584 vero
847 3536 961 3599 quidam,
975 3555 1012 3600 qur
1005 3540 1131 3590 dicebatur

180 3606 277 3668 rolaphos
288 3621 308 3653 er
302 3606 426 3667 'infligere
438 3615 460 3652 et
469 3607 568 3652 dicere
549 3622 577 3660 er
589 3606 637 3654 Va·
670 3605 788 3657 Barabbas,
806 3605 894 3649 vinctus
905 3619 955 3649 eum
968 3605 1079 3653 seditionis
1096 3623 1131 3654 so·

176 3672 279 3725 altinate3
296 3669 392 3716 ministri
403 3686 456 3716 vero
448 3669 611 3716 bacilrorum'
606 3687 638 3717 rc·
669 3670 716 3724 ciis,
733 3683 761 3730 qu
784 3668 873 3713 caedem
884 3683 923 3729 per
934 3669 1063 3717 seditionem
1074 3671 1121 3718 fece

174 3741 230 3780 titus
241 3751 292 3780 eum
304 3735 430 3780 caedebant.
669 3740 726 3780 rant.

176 3825 180 3832 ·
205 3803 237 3844 66
254 3797 362 3859 ῖΩιιιιιιι
373 3795 427 3844 vead
445 3797 525 3844 Petrus
542 3804 600 3844 esset
616 3799 639 3844 in
701 3801 716 3842 8
736 3795 767 3843 Et
785 3795 908 3844 vociferans
927 3799 989 3844 turba
1005 3799 1075 3860 coepit
1095 3813 1128 3858 pe·
