2756 4320
601 405 715 467 acar,
739 407 797 454 x11.

223 513 493 574 ntraquheretSaulumr
512 514 684 561 eteuminven·
716 521 778 568 teet
789 513 875 574 subliga
885 514 981 560 sandalia
989 521 1033 560 tua.
1068 511 1167 562 Feritan

223 589 268 624 nrm
279 578 342 624 duxit
353 578 503 624 Antiochiam.
716 585 761 622 tem
773 579 809 623 ita.
842 577 902 622 'l'um
914 579 952 624 ille
962 578 1020 624 dixit
1029 577 1057 633 ei,
1071 579 1175 626 Amicitnt

253 646 284 687 26
302 640 438 702 Factumque
453 647 488 686 est
505 647 529 686 ut
548 655 630 686 annum
649 648 685 686 to·
715 641 780 702 pallio
793 649 837 693 tuo,
849 648 871 686 et
883 657 973 701 sequere
984 657 1026 687 me.

223 713 268 751 tum
286 705 431 750 convenirent
449 705 472 750 in
494 702 593 754 ecclesii.
616 704 684 750 doce·
749 711 763 751 9
781 703 859 764 Itaque
869 719 972 766 egressus
982 707 1066 751 Prtnrs
1074 705 1180 766 sequeba-

222 776 314 828 rentque
325 769 409 814 turbam
421 768 527 814 multam:
547 775 570 814 et
586 767 685 829 discipuli
715 775 751 813 tur
759 784 817 820 eum,
829 783 870 813 nec
882 769 961 814 sciebat
973 783 1049 814 verum
1059 784 1108 814 esse
1118 769 1179 828 quod

222 833 387 878 nominarentur
419 830 514 894 prinuim
552 832 685 878 Antiochiae
715 831 780 876 tiebat
791 847 829 892 per
840 832 1098 893 angelumscdputabat
1109 848 1131 878 se
1143 831 1178 878 ri·

224 894 351 943 Christiani.
715 909 764 940 sum
775 897 868 955 aliquod
879 910 976 942 cerucre.

209 977 212 986 ¹
254 963 284 1005 27
303 959 347 1006 Per
353 960 375 1005 id
387 967 473 1021 tempus
484 967 556 1006 autem
564 959 683 1005 descende·
750 959 873 1012 rourum
884 966 957 1004 autem
970 959 1121 1005 transivissent
1132 959 1178 1020 pri·

222 1030 274 1070 runt
285 1022 450 1084 Hierosolymis
465 1025 584 1086 prophetae
602 1024 684 1070 Antio·
715 1037 774 1068 mam
786 1037 811 1068 ac
827 1023 945 1068 secundam
962 1023 1091 1076 custodiam,
1110 1037 1178 1069 vene

222 1087 301 1134 thiam.
716 1093 766 1131 runt
777 1086 805 1131 ad
816 1093 902 1146 portam
920 1085 1031 1140 Ferreum,
1045 1101 1102 1146 quae
1117 1085 1178 1134 ducit

254 1155 285 1196 28
302 1151 335 1197 Et
346 1166 403 1197 unus
413 1165 490 1196 eorum
502 1166 602 1212 surgens,
612 1151 684 1196 nomi·
715 1150 737 1194 in
748 1150 866 1200 civitatem,
884 1165 941 1209 quac
957 1156 1036 1212 sponte
1053 1159 1124 1210 aperte
1144 1157 1178 1198 err

221 1227 250 1260 ne
262 1215 362 1278 Agabus,
374 1214 505 1276 significavit
516 1230 555 1276 per
572 1215 684 1276 Spiritum,
714 1214 761 1259 eis:
781 1221 803 1258 et
814 1213 897 1274 egressi
914 1215 1024 1274 progressi
1033 1223 1085 1259 sunt
1095 1229 1134 1274 per
1143 1214 1178 1259 vi·

222 1277 302 1324 larneur
314 1293 417 1340 magnam
426 1278 551 1324 iuturamin
559 1286 606 1324 toto
614 1286 684 1324 terra·
714 1292 765 1322 cum
776 1292 860 1332 unum3
877 1284 900 1323 et
910 1278 983 1323 statim
994 1277 1097 1323 abscessit
1108 1292 1176 1339 auge

222 1357 271 1387 rum
282 1343 351 1388 orbe:
369 1357 425 1402 quae
436 1342 502 1387 etiam
513 1341 555 1387 suit
565 1343 605 1387 sub
615 1340 684 1388 Clau·
714 1341 749 1386 lus
760 1341 786 1386 ab
794 1356 829 1385 eo.

221 1405 258 1451 dio
271 1404 372 1452 Caesare
427 1431 431 1439 ι
749 1408 775 1448 ll
795 1403 855 1450 'l'um
864 1403 1178 1451 Petrusedsereversusdix-

254 1472 286 1515 29
297 1468 383 1529 Singuli
389 1463 443 1513 verri
449 1467 612 1528 discipulorum,
619 1475 686 1528 prout
714 1467 738 1521 it,
750 1467 819 1516 Nunc
827 1466 880 1514 vere
891 1469 937 1514 scin
947 1467 1071 1514 Dominum
1079 1469 1177 1515 emisisse

221 1532 299 1592 euique
316 1532 450 1593 suppetebat,
470 1531 615 1577 decreverunt
633 1534 684 1578 sub-
714 1531 819 1592 angelum
830 1547 901 1584 suurn,
912 1542 936 1578 ct
945 1533 1029 1578 ensisse
1039 1545 1075 1578 rne
1085 1547 1099 1576 e
1109 1547 1177 1578 manu

222 1595 387 1642 ministrationis
398 1591 476 1641 caussi
491 1596 578 1641 mittere
594 1597 685 1657 aliquid
716 1594 821 1649 Herodis,
830 1603 889 1642 etex
897 1594 1177 1660 omniexspectatinuepo-

222 1658 324 1706 iratribus
332 1658 477 1706 habitantibus
485 1658 508 1704 iu
520 1657 611 1706 Judaesi.
714 1658 914 1719 puliJudacorum.
1034 1697 1036 1702 .

160 1725 163 1728 '
253 1728 286 1769 30
302 1723 371 1777 Quod
392 1730 415 1769 et
436 1722 543 1776 lecerunt,
571 1724 684 1769 mittentes
749 1726 778 1766 la
795 1722 827 1768 Et
835 1739 860 1769 re
868 1719 1176 1776 cousidemtbrenitdomum

222 1787 249 1832 ad
260 1788 358 1834 seniores
368 1803 407 1849 per
423 1802 513 1833 manum
531 1786 645 1833 Barnabae
661 1795 684 1834 et
715 1785 802 1832 Mariae
813 1788 888 1832 matris
899 1786 999 1839 Joannis,
1011 1787 1048 1846 qui
1059 1787 1176 1846 cognomi·

223 1851 291 1898 Sauli.
714 1851 806 1895 nabetur
818 1849 917 1904 Marcus,
929 1851 964 1895 ubi
976 1857 1038 1896 erant
1049 1851 1111 1894 multi
1120 1865 1176 1895 con-

714 1914 800 1974 gregati
811 1922 834 1959 et
845 1922 966 1975 precantes.

376 1978 450 2026 CAP.
470 1978 530 2024 XII.
748 1981 777 2022 15
795 1977 872 2030 Quum
889 1975 996 2038 pulsisset
1010 1984 1082 2024 autern
1095 1976 1176 2023 Petrus

274 2042 448 2088 AETERUM
453 2042 683 2104 peridtempusinjec·
714 2041 794 2086 ostium
803 2042 910 2094 vestibuli,
922 2041 1002 2101 prodiit
1010 2041 1082 2102 puelia
1090 2048 1114 2086 ut
1123 2042 1176 2087 sub-

305 2107 334 2151 tis
351 2121 389 2152 rex
402 2105 505 2152 Herodes
516 2106 616 2152 manibus
627 2106 684 2152 male
713 2105 851 2160 auscultaret,
863 2106 953 2150 nornine
965 2104 1052 2150 Rhode.

221 2170 304 2230 accepit
314 2169 432 2216 nonnullos
443 2184 471 2215 ex
482 2167 581 2215 ecclesii.
747 2172 777 2213 14
794 2169 865 2222 Quae,
877 2165 953 2229 agniti
968 2184 1023 2214 voce
1041 2167 1108 2221 Petri,
1123 2183 1176 2228 prae

252 2232 400 2279 21nteremit
417 2241 490 2279 autem
507 2232 616 2280 Jacobum
637 2233 681 2278 sm-
712 2233 793 2292 gaudio
813 2248 857 2278 nnn
877 2233 961 2292 aperuit
978 2232 1116 2284 vestibulum,
1137 2232 1175 2278 sed

221 2305 277 2344 trem
288 2297 382 2344 Joanuis
392 2297 475 2359 gladio.
711 2294 770 2341 iutro
781 2311 872 2342 currens
883 2296 1024 2341 annunciavit
1034 2295 1120 2350 adstare
1130 2295 1175 2342 Pe-

252 2365 268 2406 3
285 2361 318 2408 Et
325 2377 393 2421 quum
402 2360 681 2422 vidissetlsocplaccreJu·
712 2366 770 2405 trum
782 2367 833 2406 ante
845 2360 983 2405 vestibulum.

220 2425 286 2479 dacis,
302 2426 399 2486 perrexit
415 2426 600 2486 comprehendere
615 2426 681 2470 etiam
746 2427 774 2470 15
793 2421 828 2469 Illi
847 2421 903 2470 verri
916 2424 1019 2469 dixerunt
1034 2422 1061 2476 ei,
1079 2420 1174 2468 lnsanis.

221 2488 329 2534 Petrum:
350 2491 424 2552 (crant
434 2499 508 2536 autem
525 2489 571 2534 dies
586 2503 681 2548 azyrno·
713 2484 755 2534 Illa
765 2495 838 2534 autem
849 2488 987 2532 asseverabat
997 2487 1028 2532 ita
1040 2501 1064 2532 se
1074 2501 1122 2532 rem
1133 2488 1174 2532 ha-

219 2550 288 2610 rum.)
710 2551 768 2596 bere.
802 2552 835 2597 Ar
845 2551 875 2596 illi
889 2551 995 2605 dicebant,
1013 2550 1116 2610 Angelus
1126 2553 1174 2610 ejus

250 2619 267 2660 4
284 2615 358 2668 Quem
367 2615 433 2660 etiarn
442 2615 580 2676 prehensum,
588 2615 681 2676 conjecit
712 2621 752 2660 est.

219 2679 241 2724 in
252 2693 368 2730 carcerem,
378 2679 481 2726 traditum
490 2687 584 2737 quatuor
592 2685 680 2737 quater·
745 2681 774 2724 16
797 2677 878 2723 Petrus
897 2673 950 2723 vert
971 2678 1004 2722 ili
1022 2678 1174 2738 perseverabat

219 2741 319 2788 sionibus
330 2741 431 2795 militum,
448 2748 473 2786 ut
488 2755 539 2785 cum
551 2750 678 2786 servarent:
710 2741 820 2801 pulsare:
845 2756 913 2801 quum
936 2749 1009 2786 autem
1030 2741 1173 2801 aperuissent,

219 2804 296 2850 voleus
317 2819 367 2849 eum
389 2813 439 2864 post
459 2805 541 2865 pascha
561 2805 682 2864 producere
711 2805 813 2851 viderunt
823 2804 1019 2865 cum‚etperculsi
1029 2805 1125 2850 luerunt.

219 2868 306 2930 populo.
745 2873 773 2914 17
791 2871 844 2928 Ipse
852 2866 904 2914 verb
911 2883 977 2914 manu
986 2868 1173 2928 pustulutonbip-
1247 2863 1253 2874 “

250 2934 266 2978 5
284 2931 363 2978 Petrus
374 2930 442 2992 igitur
458 2931 584 2976 serrabatur
597 2931 620 2976 in
631 2947 680 2977 car·
710 2932 740 2977 sis
751 2933 844 2986 silentio,
854 2933 951 2978 narravit
961 2933 993 2978 eis
1001 2932 1112 2992 quomodo
1121 2931 1173 2977 Do-

219 3011 282 3042 cere:
304 3010 380 3056 prcces
396 3002 469 3041 autem
486 2995 585 3041 assiduae
600 2995 682 3041 flebant
710 2996 783 3041 minus
799 3011 823 3042 se
838 2997 1085 3042 eduxissetccarceres
1104 2995 1173 3041 dixit-

219 3061 245 3106 ab
256 3057 349 3106 ecclesiis
359 3059 386 3106 ad
399 3059 475 3106 Deum
486 3075 526 3120 pro
538 3059 593 3120 ipso.
710 3074 759 3118 quc,
774 3060 916 3106 Annunciate
932 3059 975 3106 ista
990 3059 1075 3107 Jacobo
1089 3073 1112 3105 et
1126 3059 1172 3106 lra-

250 3124 360 3178 6Quum
382 3119 435 3170 verri
456 3123 603 3186 producturus
624 3128 682 3168 esset
710 3124 785 3168 tribus.
818 3123 851 3169 Et
861 3139 970 3184 egressus,
981 3122 1093 3184 proiectus
1102 3131 1138 3169 nst
1149 3124 1173 3171 in

218 3202 268 3236 eum
292 3187 402 3241 Herodes,
424 3193 490 3234 nocte
508 3184 545 3233 ttlt
561 3187 682 3233 dormiebat
709 3186 869 3234 aliumlocum.

221 3251 300 3298 Petrus
311 3252 368 3297 inter
379 3251 434 3297 duos
445 3251 532 3305 milites,
543 3250 631 3297 vinctus
642 3265 680 3296 ca·
743 3254 772 3295 18
790 3250 847 3296 Orto
864 3258 938 3297 autem
954 3250 989 3297 die
1007 3249 1048 3296 luit
1064 3250 1172 3298 turnultus

219 3316 275 3361 renis
286 3315 375 3369 duabus,
386 3320 409 3360 et
420 3314 522 3360 custodes
536 3321 588 3360 ante
599 3314 680 3360 ostium
709 3329 754 3360 non
765 3329 846 3376 parvus
858 3315 915 3360 inter
925 3313 1005 3360 milites
1014 3314 1115 3374 quidnam
1124 3315 1171 3360 sac-

218 3380 488 3426 observabantcarcerem.
648 3397 654 3401 ·
709 3384 756 3423 tum
768 3386 826 3424 esset
840 3378 915 3424 Petro.

252 3445 265 3488 'l
285 3442 316 3488 Et
327 3457 384 3495 ecce,
396 3442 488 3503 augelus
498 3439 591 3486 Domini
603 3455 679 3501 super·
744 3445 773 3487 19
790 3441 894 3487 Herodes
907 3439 967 3495 verri,
984 3456 1051 3502 quum
1067 3456 1118 3487 eum
1135 3457 1171 3488 re·

162 3565 165 3568 Ι
219 3505 286 3558 venit,
297 3513 320 3550 et
331 3505 369 3552 lux
381 3505 490 3566 splenduit
503 3505 638 3550 incarcere:
657 3512 681 3550 et
708 3505 839 3564 quisivisset,
850 3513 874 3550 ct
889 3520 934 3550 uon
952 3503 1078 3558 invenisset,
1091 3519 1170 3564 quaes·

219 3568 304 3630 pulsato
321 3569 389 3616 latere
409 3569 477 3624 Petri,
499 3569 603 3614 excitavit
621 3583 679 3622 eum,
708 3569 769 3614 tione
785 3569 813 3614 de
832 3570 958 3614 custodibus
972 3566 1050 3618 habiti,
1057 3569 1125 3630 jussit
1136 3583 1171 3616 eor

220 3631 299 3684 dicens,
310 3632 382 3694 Surge
399 3633 510 3680 velociter.
544 3631 576 3678 Et
592 3632 679 3678 excide·
708 3633 736 3677 ad
747 3631 877 3692 supplicium
889 3633 949 3693 rapi,
966 3641 988 3678 et
999 3647 1066 3692 quum
1077 3632 1159 3678 menen

221 3705 270 3740 nint
280 3693 300 3740 ei
311 3702 401 3741 atenac
409 3711 438 3741 ex
446 3696 552 3744 manibus.
708 3695 776 3741 disset
786 3710 800 3741 a
810 3693 895 3742 Judaei
913 3697 1044 3742 t'acsarcam
1062 3697 1095 3743 ibi
1108 3710 1167 3741 coni·

250 3760 265 3804 8
282 3755 392 3817 Dixitque
407 3759 426 3804 ei
444 3759 542 3820 angelus,
556 3757 680 3820 Praecinge
708 3765 807 3806 moratus
817 3767 851 3807 ost
