2734 4314
639 401 789 463 MARCUS,
813 403 856 454 tv.

272 513 399 566 Deutvult,
410 516 429 561 ir
440 521 475 560 εει
491 513 558 560 trater
575 527 644 564 meus.
659 522 682 559 ει
693 529 731 559 εο-
763 527 889 558 sennonem
910 513 947 574 qui
970 513 1092 560 noninaroe
1109 511 1186 559 iuerm
1210 529 1228 562 rr

268 592 305 626 tor
316 593 371 631 mea,
383 586 406 624 et
417 587 493 624 muter.
764 577 867 622 cordibus
877 591 961 622 eorum.

511 663 513 670 ·
799 643 828 686 16
846 641 878 687 Et
889 641 924 686 isti
936 647 988 686 sunt
1000 639 1100 687 similiter
1108 640 1146 701 qui
1157 641 1180 688 io
1191 657 1229 704 pe·

427 703 503 752 CAP.
528 703 572 751 lv.
765 713 826 750 trosa
837 719 911 750 semen
923 704 1052 765 excipiunt3
1069 706 1107 765 qui
1120 707 1230 761 uidelicet„

270 775 274 782 '
326 768 349 816 Τ
361 785 437 815 rursus
447 769 519 830 coepit
530 770 610 816 docere
618 769 676 830 apud
684 784 733 814 ron·
765 783 834 828 quum
843 768 950 814 audierint
957 783 1089 823 sermonem,
1097 771 1172 815 statim
1179 785 1230 816 cunr

343 849 380 879 re:
399 841 422 879 et
432 841 509 880 coacta
519 840 554 879 est
569 833 597 879 ud
608 847 659 879 eum
671 834 734 879 turbe
766 832 847 893 gaudio
858 832 971 893 concipiunt
981 847 1049 889 eum;

271 897 345 951 multu,
356 894 411 943 oded
422 905 447 943 ut
457 898 505 958 ipse
515 897 629 958 navigium
645 897 733 957 ingres·
802 899 829 941 17
847 895 880 942 Et
891 911 936 941 uon
948 897 1029 942 hubent
1040 896 1133 942 radicem
1143 897 1166 943 in
1175 913 1231 950 sese,

271 977 307 1008 «us
318 961 405 1008 sederet
415 961 438 1006 in
450 961 520 1008 meri:
540 968 587 1008 toto
600 967 673 1007 autem
686 969 733 1007 tur·
766 960 806 1004 sed
816 959 942 1021 temporarii
953 967 1021 1006 sunt:
1040 960 1125 1014 deinde,
1136 959 1187 1007 orti
1197 962 1230 1008 ai·

270 1026 366 1086 baupud
376 1021 605 1072 moreinterrderut.
767 1022 864 1069 flictione
887 1030 926 1070 eut
950 1025 1121 1084 persequutione
1141 1034 1231 1086 propter

303 1093 318 1134 9
340 1089 373 1136 Ει
389 1090 481 1136 docebat
501 1104 540 1136 eon
561 1103 602 1150 per
622 1087 735 1150 parabolus
767 1102 898 1141 termonem,
911 1089 984 1134 rtatim
996 1087 1143 1134 ostenduntur.

275 1169 291 1198 r.
298 1153 346 1208 ritu,
358 1153 485 1213 dicebatque
496 1154 528 1200 eis
538 1153 561 1199 in
570 1149 670 1200 doctrind
681 1150 734 1208 sui13
803 1155 831 1196 18
849 1151 882 1196 Hi
894 1159 946 1197 sunt
956 1159 1030 1197 autem
1038 1152 1075 1212 qui
1083 1151 1106 1197 in
1115 1153 1232 1218 spinuqse·

302 1222 318 1262 5
335 1218 426 1272 Audite,
434 1217 501 1271 Ecce,
510 1219 605 1278 quidum
614 1225 674 1262 sator
682 1217 736 1262 exiit
768 1229 818 1260 men
830 1215 959 1276 excipiunt3
976 1217 997 1260 hi
1009 1223 1067 1270 sunt,
1080 1219 1184 1276 iuquam,
1194 1218 1232 1278 qui

273 1293 357 1328 murm:
767 1294 892 1325 sermonem
903 1280 1010 1325 audiunt:

303 1349 318 1390 4
335 1345 368 1391 Et
385 1343 469 1391 iactum
487 1351 521 1390 est
537 1343 735 1398 interserendum,
803 1346 831 1389 19
848 1343 893 1390 Sed
910 1343 1059 1390 solicitudinos
1075 1343 1142 1390 seculi
1160 1344 1233 1407 hujriq

273 1409 329 1454 uliud
340 1404 428 1468 quiddm
440 1408 518 1454 cecidit
529 1405 650 1454 secunddm
662 1409 734 1464 vium;
767 1413 790 1452 et
808 1407 894 1452 fallacia
911 1408 1042 1462 diuitiarum,
1062 1416 1085 1453 et
1101 1409 1233 1469 cupiditates

274 1480 423 1532 veneruntque
439 1472 540 1518 volucres
557 1472 653 1526 coelium
664 1472 733 1518 devo·
766 1472 856 1530 quaein
870 1473 961 1518 coeteris
978 1473 1041 1517 rebus
1057 1481 1184 1527 venantur,
1197 1472 1233 1519 in-

272 1543 375 1582 roverunt
386 1535 446 1581 iliud.
767 1542 887 1588 troeuntes,
904 1535 1011 1581 suffocent
1027 1536 1233 1598 sermonem‚·isq1o

303 1602 318 1646 5
336 1599 404 1649 Aliud
426 1597 479 1646 verd
501 1599 579 1649 cecidit
598 1599 620 1646 in
639 1606 734 1660 petroso,
767 1598 1056 1660 redditurfructirsexqiero

272 1663 307 1709 ubi
318 1679 364 1710 non
380 1663 472 1710 habebat
489 1671 569 1710 terram
586 1663 694 1720 multum3
712 1672 735 1709 et
800 1667 831 1708 90
849 1662 881 1708 Hi
894 1661 1054 1724 suntverdqui
1066 1663 1179 1710 interram
1189 1665 1231 1710 bo-

271 1727 344 1774 statim
362 1735 465 1773 exortum
483 1735 523 1782 est,
543 1735 659 1788 propterea
676 1725 734 1788 qudd
764 1727 819 1772 'nam
830 1742 905 1772 semen
917 1735 1056 1788 exceperunt,
1074 1729 1111 1787 qui
1127 1730 1232 1775 uidelicet

271 1807 316 1837 non
327 1791 418 1837 habebut
429 1791 560 1852 profundam
572 1801 667 1838 terram:
767 1791 858 1836 audiunt
875 1791 1006 1844 sermonem
1023 1798 1046 1836 et
1061 1792 1191 1853 excipiuut3
1209 1805 1233 1838 ει

303 1860 318 1903 6
335 1855 475 1902 solennem
491 1865 576 1909 exorto,
593 1856 671 1902 urdoro
687 1862 734 1901 tae-
767 1853 865 1900 fructum
882 1855 962 1908 ferunt,
981 1855 1039 1900 aliud
1059 1856 1150 1910 triceno,
1172 1856 1232 1902 alind

271 1929 318 1966 turn
329 1932 379 1977 est3
396 1929 420 1966 et
429 1927 545 1980 propterea
561 1917 619 1980 qudd
636 1934 680 1965 non
695 1921 735 1966 ho·
768 1933 885 1980 sexagena,
898 1919 956 1964 oiiud
964 1926 1150 1980 centenagrona.

271 1985 333 2030 bebat
344 1984 445 2037 redicem
457 1984 549 2029 exaruit.
801 1987 828 2028 91
849 1982 916 2028 Dixit
926 1983 991 2029 etiam
1008 1983 1045 2036 eis,
1064 1983 1127 2028 Num
1141 1983 1232 2031 lucerna

304 2047 368 2095 tEt
385 2047 444 2093 aliud
459 2047 538 2092 cecidit
556 2047 579 2093 iu
597 2047 687 2108 rpinos3
712 2055 735 2092 et
768 2047 829 2092 venit
840 2055 865 2093 ut
876 2048 950 2092 subter
965 2047 1064 2092 modium
1080 2057 1232 2108 ponatur‚aut

270 2111 417 2157 ascenderunt
425 2111 506 2171 spinae,
518 2125 543 2156 oo
561 2109 696 2156 suffocdrunt
707 2111 733 2156 il·
767 2111 842 2156 subter
854 2111 955 2158 lectum?
972 2125 1045 2156 nonne
1061 2119 1087 2156 ut
1102 2112 1232 2158 candelabro

270 2174 314 2227 lud,
326 2182 349 2220 et
359 2173 455 2220 fructum
467 2190 512 2220 non
523 2174 597 2220 edidit.
767 2174 908 2236 imponatur?

303 2242 317 2283 8
335 2237 367 2284 Et
385 2239 442 2284 uliud
461 2239 540 2284 cecidit
556 2239 579 2285 in
597 2247 677 2285 terram
692 2240 733 2285 bo·
799 2243 831 2285 ‘22
848 2239 902 2285 Non
913 2245 948 2286 est
958 2239 1017 2285 enim
1028 2239 1144 2300 quicquum
1155 2239 1228 2286 occui-

271 2318 329 2356 nam,
341 2303 452 2362 ediditque
467 2302 563 2349 fructum
580 2312 734 2364 assurgentem
767 2310 815 2349 tum
831 2304 890 2364 quod
906 2319 951 2349 non
968 2304 997 2350 eit
1012 2303 1153 2348 manifestum
1170 2303 1229 2350 futu·

270 2381 296 2412 tc
306 2377 443 2413 crescentem
450 2385 458 2423 ;
474 2374 498 2413 et
508 2367 558 2413 tulit
574 2368 633 2414 uliud
644 2368 733 2422 tricena,
767 2382 831 2424 rum;
854 2383 927 2427 neque
942 2369 1003 2428 quod
1021 2367 1173 2422 abscondatur,
1194 2369 1230 2414 sed

270 2441 293 2480 et
304 2431 362 2476 aliud
374 2445 491 2492 sexagena,
503 2439 526 2477 et
536 2431 595 2478 uliud
606 2440 706 2477 centeno.
767 2439 851 2491 oportet
863 2439 887 2477 ut
898 2432 920 2476 in
932 2439 1032 2492 apertum
1043 2431 1124 2477 veniat.

303 2501 318 2542 9
334 2495 400 2540 Tune
409 2496 464 2540 dixit
475 2496 513 2547 eir,
527 2495 573 2548 Qui
590 2497 653 2541 liniret
670 2511 734 2541 aureo
800 2499 831 2540 95
849 2496 922 2555 Siquis
936 2496 1001 2541 habet
1016 2510 1080 2541 aures
1095 2495 1123 2542 ed
1139 2496 1231 2542 audien·

270 2559 297 2603 ed
308 2559 446 2612 audiendum,
455 2558 535 2604 audiat.
768 2559 827 2612 dum,
839 2561 918 2606 audiat

304 2626 334 2666 10
352 2621 428 2674 Quum
440 2630 513 2667 autem
524 2632 582 2667 esset
591 2622 732 2674 solus,inter-
800 2626 831 2668 94
860 2623 977 2670 Praetereo
1006 2623 1061 2672 dixit
1088 2623 1126 2678 eis,
1150 2621 1237 2670 Videte·

271 2683 377 2745 rogdruut
388 2700 439 2729 eum
455 2686 493 2744 qui
509 2686 591 2732 circum
608 2695 734 2732 numerant
766 2687 818 2746 quid
829 2687 935 2733 audiatis:
954 2685 998 2748 qud
1015 2684 1118 2734 mensurii
1134 2689 1232 2733 metimi-

270 2763 321 2794 tum
332 2748 447 2793 duodecim
459 2749 486 2794 de
497 2747 604 2808 peroboid.
768 2751 797 2804 ni,
809 2752 871 2797 vobis
879 2753 983 2798 metietur
991 2768 999 2808 ;
1016 2759 1039 2798 et
1047 2752 1162 2814 adjicietur
1170 2753 1232 2799 vobit
1315 2781 1319 2786 -

305 2815 330 2856 ll
351 2811 383 2856 Et
394 2812 449 2857 dixit
464 2812 503 2865 eis,
522 2811 592 2858 Vobis
608 2813 683 2858 datum
700 2823 734 2860 est
766 2815 802 2874 qui
814 2816 901 2861 auditis.

270 2873 335 2922 εόιεε
351 2876 480 2935 mysterium
498 2877 560 2937 regni
573 2876 635 2923 Dei:
655 2877 681 2922 iis
693 2893 733 2922 au·
798 2882 830 2926 95
848 2879 894 2932 Qui
906 2880 965 2926 enim
976 2880 1047 2932 habet,
1059 2879 1145 2928 dubitur
1155 2879 1190 2925 ei:
1209 2889 1232 2926 et

216 2989 218 2994 ,
270 2949 314 2985 tem
323 2940 358 2999 qui
371 2939 424 2984 soris
435 2951 493 2992 sunt,
505 2956 543 3000 per
559 2941 672 3001 parabolus
683 2957 732 2986 om·
766 2942 802 3002 qui
815 2944 1019 2997 nonhabetetiam
1035 2944 1096 3004 quod
1112 2943 1225 2990 habettol·

270 3004 306 3050 uio
316 3005 360 3049 isto
372 3002 442 3049 fiunt:
766 3005 824 3051 letur
835 3008 861 3053 ab
872 3023 906 3052 eo.
1265 3001 1270 3012 ⁸

303 3072 333 3114 19
357 3067 390 3115 Ut
411 3068 512 3114 videntes
534 3068 628 3122 rideant
646 3076 669 3116 et
688 3084 733 3115 non
800 3075 830 3117 96
848 3069 906 3116 Item
923 3071 1013 3125 dicebat,
1032 3068 1068 3117 Ita
1085 3079 1119 3117 εει
1136 3085 1229 3131 reguum

269 3139 377 3188 cernunt3
394 3138 418 3178 et
428 3133 541 3179 audientes
549 3133 645 3186 audiant,
654 3140 677 3179 et
688 3148 733 3179 non
768 3133 820 3190 Dei,
839 3142 864 3181 ut
883 3136 900 3180 si
917 3135 1023 3196 quispiam
1036 3135 1105 3197 jacint
1119 3149 1195 3181 semen
1211 3136 1231 3180 'tt

269 3197 409 3258 mteltgmt:
429 3197 546 3256 nequando
560 3211 585 3244 se
594 3206 733 3249 convertant,
767 3206 862 3254 terrom3

269 3270 292 3306 ει
304 3261 443 3307 remittuntur
454 3261 486 3306 eis
497 3270 593 3320 peccota.
800 3265 829 3310 97
847 3263 879 3309 Ει
890 3262 990 3316 dormiat,
1004 3270 1027 3308 et
1043 3271 1151 3323 exsurgat
1167 3270 1233 3310 nocte

304 3328 332 3369 1³
351 3323 469 3370 Praeterea
477 3324 579 3377 dixiteis,
589 3324 686 3369 Nescitis
693 3341 732 3385 pn·
767 3341 793 3372 ae
804 3327 844 3381 die,
856 3334 879 3372 ει
890 3342 965 3372 semen
975 3327 1087 3387 germinet
1097 3334 1120 3372 et
1131 3334 1234 3387 assurget

272 3389 365 3434 ‘tholam
382 3387 466 3433 istam?
488 3395 510 3432 et
526 3389 638 3449 quomodo
655 3405 733 3435 omnes
767 3391 878 3449 quomodo
890 3391 936 3450 ipse
948 3390 1024 3436 nescit.

269 3451 381 3508 peribolos
392 3452 550 3512 cognoscetis?
800 3457 830 3498 98
849 3455 933 3514 Sponte
941 3455 1000 3500 enim
1009 3462 1067 3500 terro
1075 3453 1171 3500 fructum
1181 3451 1233 3510 sert3

305 3519 331 3559 11
351 3515 416 3560 Sator
427 3515 463 3560 ilie
475 3529 599 3562 sermonem
612 3516 671 3561 serit.
766 3515 862 3579 primirm
879 3519 974 3571 herbam,
992 3519 1071 3565 deinde
1087 3519 1176 3579 spicam,
1194 3517 1232 3562 de·

305 3582 332 3624 15
353 3577 391 3625 Isti
403 3587 476 3626 nutem
488 3588 539 3627 sunt
550 3581 586 3639 qui
597 3582 664 3641 juxta
674 3580 734 3627 viam
767 3581 818 3628 iude
829 3582 919 3643 plenum
930 3583 1067 3628 frumentum
1077 3583 1100 3627 in
1112 3577 1178 3642 spicit.

273 3658 341 3688 erton
358 3645 481 3701 excipiunt,
498 3646 521 3690 in
537 3645 615 3703 quibus
631 3647 734 3692 uidelicet
801 3651 832 3694 99
850 3647 927 3700 Quum
949 3656 1023 3691 autem
1046 3645 1167 3707 prodiderit
1189 3660 1232 3692 sete

271 3706 487 3753 aeminatursenno:
508 3709 546 3753 sed
561 3718 676 3767 postquam
693 3725 733 3754 au·
767 3709 858 3763 fruetus,
871 3711 944 3756 statim
961 3711 1030 3756 mittit
1046 3724 1162 3759 messores.
1177 3724 1228 3769 quea

272 3769 361 3821 dierunt,
374 3769 446 3813 statim
460 3773 624 3869 venitgnmuas
644 3782 665 3816 rt
677 3774 733 3818 toiiit
769 3775 827 3820 niem
840 3775 900 3819 udest
912 3774 996 3818 messis.
