2734 4314
388 421 394 428 -
474 393 700 451 MAlTllAEUS,
725 395 794 446 XVI.

182 511 212 553 25
228 504 294 552 Tunc
307 501 449 565 resparsus
455 499 523 549 Jesus
529 501 585 548 dixit
591 501 619 555 ei,
652 499 750 555 Quando
761 513 835 548 serum
846 505 881 544 est
897 497 946 546 diei.
963 496 1038 546 dicim
1053 497 1115 546 Stre*

155 571 175 615 n
189 569 274 624 mulier,
291 581 378 628 magua
392 575 426 612 est
443 565 563 612 fidestan:
581 565 621 612 fiat
652 567 779 622 nitusen'tr
796 561 1034 612 mbetetsimooelum.

155 637 187 682 uti
199 642 223 681 ut
232 634 274 680 ris.
309 631 343 678 Et
359 638 438 677 sanata
457 629 499 676 tuit
515 629 561 676 titia
574 631 622 692 ejus
685 633 702 675 5
719 629 751 676 Et
762 626 835 684 mand,
848 629 924 678 Hodie
934 635 978 680 erit
990 641 1117 694 terrqsestast

113 683 137 722 ⁹
156 702 179 748 ss
188 715 215 744 eo
226 703 350 744 momente.
654 694 716 740 rubei
727 694 786 742 enim
797 694 885 740 coelum
899 696 968 743 trista.
1003 695 1118 760 Hypsen-

184 768 215 809 29
231 765 247 822 1
257 761 290 807 Et
301 761 417 821 digressus
437 758 492 804 ilinc
503 757 570 806 Jesus
582 773 625 816 rre-¹
653 765 695 812 tae,
706 757 786 804 faciens
796 754 886 820 quidem
894 759 949 806 coeli
958 758 1028 808 usses
1036 759 1120 811 dia-cn·

155 828 186 874 ait
197 828 264 889 juxta
280 840 344 870 mare
363 823 492 870 Galilaeaes
513 831 536 868 et
553 836 622 883 quum
654 837 714 876 nere,
734 823 799 884 signa
815 820 869 870 verd
888 830 1014 887 temporum
1030 825 1117 872 illerum

155 890 289 938 ascendisset
300 889 323 934 in
335 894 444 941 montem
455 886 518 933 sedet
527 887 580 933 illic.
655 901 701 932 non
712 886 824 948 potestis?

185 959 218 1002 50
233 953 306 1000 Tum¹
318 953 373 998 adiit
391 965 445 998 eum
464 951 528 998 turba
546 951 621 1005 multa
688 953 704 996 4
724 951 789 998 Gens
807 952 867 998 mala
884 963 908 998 et
928 953 1049 1001 ululterins
1072 968 1108 1017 aq

155 1020 237 1066 sabens
248 1032 325 1064 secum
336 1015 435 1068 claudos,
447 1029 530 1070 caecos,
542 1023 623 1070 mutos,
657 1029 710 1060 nuru
722 1016 827 1075 requirit:
847 1016 886 1062 sed
902 1017 991 1078 signium
1001 1034 1046 1066 nus
1060 1018 1108 1065 dus

84 1103 87 1108 .
156 1097 252 1136 meos,
271 1090 295 1128 et
314 1080 370 1127 alios
387 1079 477 1134 multos,
496 1086 520 1126 et
538 1079 622 1142 nhjeoe·
656 1085 693 1125 tur
703 1079 731 1133 ei,
747 1079 788 1124 nisi
805 1079 895 1141 signum
910 1080 965 1127 illud
980 1081 1052 1129 Jonse
1068 1097 1109 1144 prs

157 1155 207 1193 rum
220 1161 259 1193 eos
277 1145 306 1192 ad
322 1145 391 1206 pedes
408 1143 481 1191 Jesur
499 1151 523 1190 et
538 1144 625 1191 sanarit
656 1144 743 1205 phetae.
777 1143 811 1189 Et
821 1143 903 1190 relictis
912 1144 972 1206 ipsis,
983 1145 1042 1192 abiit,

159 1226 208 1258 sos:
690 1211 705 1254 5
722 1207 782 1268 th
800 1223 869 1268 quum
888 1209 1001 1256 venissent
1023 1209 1075 1256 disc?
1093 1209 1120 1256 rii

188 1279 218 1321 51
239 1272 303 1320 ,suet
315 1282 340 1320 ut
351 1273 415 1320 turha
426 1272 504 1320 mirata
512 1272 623 1334 sisqnum
656 1272 704 1334 ejus
723 1271 746 1318 in
762 1271 890 1320 ulteriorem
907 1273 982 1336 ripun,
998 1273 1057 1321 obliti
1073 1226 1121 1321 dre·

158 1340 243 1386 rideret
256 1348 331 1384 mutos
347 1338 470 1398 loquentes,
482 1352 573 1384 mancos
588 1353 624 1384 sa·
657 1343 706 1382 raut
717 1351 805 1383 sumere
815 1352 890 1398 panes.

157 1419 206 1457 uos,
224 1403 314 1450 claudos
331 1401 476 1456 ambulantes
494 1417 573 1448 caecos
590 1402 624 1448 vi·
690 1405 705 1447 6
720 1399 788 1448 Jesua
802 1409 876 1448 autern
891 1401 945 1448 dixit
956 1401 996 1457 eis,
1007 1402 1089 1450 Videte
1100 1409 1122 1450 et

158 1467 249 1524 dentes:
268 1474 291 1514 et
301 1464 456 1530 glorificemur
473 1465 550 1512 Deum
565 1464 625 1512 Isra·
658 1472 735 1512 cavete
757 1480 771 1512 a
786 1465 896 1513 sennento
914 1465 1084 1515 Pharisaeorum
1100 1472 1121 1514 ά

159 1532 206 1578 iilis.
660 1529 846 1576 Sadducaeorum.

191 1600 223 1642 32
239 1594 388 1644 Jesusautcm
396 1594 508 1641 advocetis
516 1595 627 1656 discipulis
691 1597 705 1640 7
725 1592 770 1655 Ipsi
782 1591 836 1641 verd
851 1595 1001 1657 disceptabant
1017 1595 1076 1643 inter
1092 1611 1122 1652 se,

160 1661 211 1715 suis,
226 1661 289 1715 dixit,
302 1659 456 1708 Commoveor
477 1656 625 1705 misericordiis
657 1658 761 1711 dicentes.
775 1657 849 1706 Panes
860 1675 906 1706 uon
918 1661 1059 1722 sumpsimus.

160 1726 327 1786 ergaturbarn5
344 1725 455 1786 quiajam
466 1723 562 1769 triduum
573 1739 624 1785 per-
690 1727 704 1767 8
723 1725 752 1770 Id
774 1731 847 1770 autern
866 1739 935 1784 quum
954 1723 1030 1771 uisset
1048 1724 1122 1780 Jesus.

161 1795 249 1836 manent
262 1789 320 1850 apud
334 1804 377 1842 sne,
391 1797 415 1834 et
430 1803 475 1832 nou
490 1788 571 1834 habent
580 1804 625 1850 quo
658 1787 713 1832 dixit
729 1787 767 1840 eis,
781 1786 842 1841 Quid
858 1788 985 1849 disceptatis
1000 1789 1059 1836 inter
1074 1804 1123 1841 voa.

163 1861 293 1900 vescantur:
312 1861 335 1900 et
353 1852 464 1898 dimittere
482 1867 522 1898 eos
535 1853 626 1928 jejunos
658 1848 740 1912 exigui
750 1850 794 1896 fide
804 1852 903 1912 praediti,
918 1849 977 1912 qudd
993 1868 1062 1914 panes
1078 1868 1123 1900 uon

162 1917 219 1972 uolo,
231 1933 260 1963 ne
272 1918 354 1963 viribus
364 1915 467 1962 deficiant
477 1916 500 1962 in
512 1917 554 1962 via.
658 1914 800 1976 sumpsistis?

192 1986 225 2026 55
240 1981 307 2028 Tunc
325 1981 403 2028 dicunt
422 1981 442 2027 ei
457 1981 555 2042 discipuli
571 1982 625 2042 ejus,
692 1985 708 2026 9
725 1978 780 2025 Non
797 1979 976 2034 animadvertitis,
988 1995 1060 2042 neque
1076 1995 1123 2027 nse·

166 2043 230 2092 Unde
240 2046 304 2091 uobis
320 2045 343 2090 in
360 2045 448 2090 deserto
465 2051 500 2091 tot
515 2061 589 2107 panes,
601 2053 626 2092 ut
658 2043 753 2090 ministis
763 2045 860 2105 quinque
870 2044 920 2091 illos
930 2047 1124 2106 paneadensium

163 2117 284 2156 saturemus
294 2110 382 2155 turbam
394 2109 497 2154 uuum?
658 2107 773 2169 quinquies
783 2109 850 2165 mille,
862 2117 885 2156 ct
901 2117 955 2170 quot
968 2111 1076 2174 cophinos
1086 2127 1124 2158 ac·

193 2177 225 2218 54
242 2173 382 2234 Dicitigitur
390 2173 422 2218 eis
430 2171 503 2226 Jesus,
514 2173 578 2227 Quot
586 2189 625 2235 pa-
659 2173 779 2234 ceperitis?
924 2159 939 2192 ⁸

165 2252 202 2283 nes
208 2237 307 2283 habetis?
325 2236 361 2285 Ilii
369 2245 444 2283 autem
452 2238 562 2292 dixerunt,
570 2238 626 2299 Sep·
695 2241 725 2283 10
742 2237 822 2298 Neque
834 2247 918 2300 septem
930 2239 979 2284 illos
990 2255 1058 2301 panes
1069 2255 1123 2299 qua·

166 2311 215 2356 tem,
227 2309 250 2346 et
261 2317 342 2361 paucos
353 2300 477 2362 pisciculos
660 2307 694 2346 ter
713 2301 773 2347 mille
790 2305 914 2355 hunricum,
931 2312 954 2348 et
968 2311 1023 2363 quot
1040 2316 1125 2365 sportas

195 2369 227 2412 55
244 2365 309 2411 Tunc
316 2366 384 2428 jussit
395 2366 481 2412 turbam
492 2366 512 2412 d'
517 2365 635 2426 ecumbere
660 2364 808 2426 acceperitis?

166 2429 232 2475 humi.
695 2432 722 2475 ll
751 2428 872 2483 Quomodo
890 2444 934 2475 nou
954 2429 1126 2476 animadvertitis

195 2497 227 2540 56
244 2493 277 2540 Et
287 2493 382 2555 acceptis
394 2500 478 2554 septem
487 2493 529 2540 illia
537 2494 630 2556 panibus
660 2508 697 2540 me
709 2508 755 2540 non
766 2494 848 2540 dixisse
860 2495 921 2539 vobis
933 2494 960 2540 cle
976 2509 1040 2554 pane,
1053 2501 1077 2540 ut
1088 2509 1124 2541 cs·

166 2571 190 2604 sc
200 2559 301 2620 piscibus,
312 2573 382 2618 quum
393 2558 475 2619 gratias
486 2559 574 2620 egisset,
581 2559 627 2605 fre·
660 2557 742 2605 vetetis
757 2574 771 2606 a
787 2558 897 2606 fermento
918 2557 1086 2606 Pharisaeorum
1105 2573 1126 2606 et

166 2622 204 2683 git.
215 2623 317 2683 deditque
328 2621 440 2684 discipulis
451 2623 496 2669 suis
502 2640 510 2680 3
528 2623 628 2685 discipuli
662 2623 860 2674 Saddmaeorum?
926 2647 929 2652 ·

167 2683 218 2732 verri
228 2687 311 2734 turbae.
328 2696 345 2710 ³
695 2691 725 2732 12
736 2687 1127 2736 Tuncintellexerunteumnondix·

195 2753 226 2798 57
245 2749 441 2810 comederuntque
453 2765 536 2806 omnes,
554 2757 577 2798 et
593 2767 629 2799 sa·
661 2749 711 2806 isse,
723 2760 747 2799 ut
758 2761 863 2799 caverent
873 2753 1003 2800 aferrnento
1012 2754 1081 2816 panis,
1089 2754 1127 2799 sed

167 2815 230 2860 tutati
245 2823 310 2862 sunt:
328 2823 353 2861 et
368 2815 504 2862 sustulerunt
520 2817 580 2876 quod
591 2832 628 2863 su·
661 2814 795 2864 asermento
803 2818 916 2866 doctrinae
928 2817 1096 2866 Pharisaeorum
1105 2827 1127 2863 rt

168 2878 557 2942 perfueratiragmentorumseptem
565 2896 628 2943 spor·
663 2881 847 2931 Sadducaeorum.

168 2955 199 2989 sas
209 2943 301 3005 plenssr
514 2991 516 2998 Α
697 2949 727 2992 15
743 2947 846 3007 {Quum
859 2947 954 2993 venisset
970 2955 1044 2993 autem
1061 2945 1129 2993 Jessu

198 3011 230 3052 58
246 3007 319 3054 Erant
337 3015 412 3054 autern
432 3007 468 3067 qui
488 3009 632 3056 comederant
662 3007 685 3055 in
693 3017 768 3070 partes
775 3011 897 3058 Caesareae
908 3027 968 3070 quae
978 3013 1066 3057 dicitur
1073 3009 1127 3055 Pss-

169 3079 243 3126 qnater
261 3071 320 3118 mille
339 3072 388 3126 viri,
407 3071 489 3132 absque
505 3074 631 3120 mulieribus
662 3074 722 3134 lippi.
734 3075 880 3134 interrogavit
891 3073 1010 3134 discipulos
1021 3089 1079 3125 suns,
1096 3074 1122 3117 di-

169 3145 188 3181 et
199 3135 302 3196 puerulis.
663 3152 722 3186 cens.
735 3137 863 3190 Quemnam
878 3151 927 3182 esse
943 3152 979 3182 me
995 3137 1072 3182 dieunt
1089 3144 1129 3184 ho«

197 3203 230 3246 59
247 3199 341 3262 ῙΑΤυηο
357 3197 446 3246 dimissi
462 3197 526 3248 turhd
542 3201 630 3250 inscen-
662 3201 735 3246 mines
746 3200 828 3246 Filium
839 3199 951 3246 nominis?

170 3263 197 3309 rlit
218 3263 241 3310 iu
263 3264 385 3326 navigium,
407 3265 512 3328 venitque
533 3266 556 3312 in
575 3264 631 3312 fines
698 3263 781 3310 14111i
798 3261 852 3311 verd
863 3263 972 3317 dixerunt,
985 3263 1031 3310 Alii
1042 3263 1129 3323 quidem

170 3326 282 3390 lisgdnla.
563 3340 570 3358 ¹
663 3327 775 3376 Jeaunem
783 3323 922 3391 Baptistam3
938 3325 1129 3388 aliiverdeiamr

469 3400 476 3418 ⁸
663 3394 699 3440 alii
712 3391 765 3441 verd
774 3393 901 3448 Jeremiam,
911 3401 1027 3441 autunum
1038 3407 1066 3440 ex
1077 3409 1120 3456 pro

314 3454 389 3505 cAP.
417 3455 488 3504 XVI.
665 3459 744 3521 phetis·

173 3519 247 3638 ET
258 3536 327 3582 quum
336 3521 480 3568 accessissent
490 3521 602 3569 Phtn'saei
611 3531 634 3570 et
701 3526 730 3570 15
748 3522 812 3569 Dicit
820 3523 859 3578 eis,
872 3521 921 3568 Vos
932 3529 1006 3569 autem
1017 3537 1082 3584 quem
1096 3537 1129 3570 tur

252 3585 382 3640 Sadducaei,
394 3591 511 3640 tentantes,
526 3585 635 3648 rogiruut
666 3587 738 3632 dicitis
749 3586 818 3633 esse?

170 3661 218 3696 tum
233 3656 258 3696 ut
275 3649 368 3712 signum
378 3664 392 3696 e
402 3650 466 3697 coelo
479 3651 518 3696 sibi
530 3652 633 3698 ostende·
702 3655 731 3698 16
748 3649 897 3707 Respondeas
915 3647 968 3698 rerd
989 3651 1065 3698 Simon
1089 3652 1127 3698 l'e·

170 3723 208 3758 ret.
667 3723 715 3761 trus
726 3714 787 3764 dixit.
799 3713 837 3761 Tu
847 3731 872 3761 es
887 3713 996 3771 Christis,
1014 3715 1084 3763 Filius
1112 3730 1130 3761 «a

200 3779 215 3821 Q
232 3773 285 3838 ipse
302 3773 356 3824 τιτὸ
373 3779 508 3882 repppndens
525 3779 579 3825 dixit
595 3779 633 3831 eis,
669 3777 714 3825 Dei
726 3779 828 3826 viventia.
