2756 4320
487 422 504 464 l.
523 417 572 466 AD
585 417 806 476 CORINTHIOS,
829 419 863 466 11.

185 523 263 586 qamvis
281 524 340 575 loco,
360 524 467 577 Domini,
486 524 589 584 inquam,
608 531 655 569 tum
685 521 774 583 quidem
786 525 822 586 qui
835 535 932 588 pereunt,
950 525 1102 582 stultitiaostt
1124 529 1148 576 'us

142 633 152 652 ·
185 588 452 698 ippmgnmppmnffistrit,
465 650 598 710 paaneo
611 650 644 696 Pa
686 589 821 698 appetatiqg
836 598 959 699 ¹serpantur,
980 594 1005 638 id
1026 599 1058 640 est
1080 592 1148 647 nous,

319 667 439 698 arose
644 668 784 712 ·pena
822 669 894 699 eres.

188 727 220 764 tre
231 723 316 768 nostro,
328 723 351 760 et
364 715 467 760 Domino
478 713 534 761 Jesu
548 713 645 760 Christo.
721 720 749 762 19
767 718 877 778 Scriptum
902 729 936 763 est
960 719 1026 773 enim,
1049 719 1149 766 abolebo

219 784 235 824 4
254 781 345 825 Gratias
356 795 400 840 ago
413 778 466 824 Deo
476 794 526 824 meo
535 793 620 838 semper
629 779 656 824 de
686 781 814 840 sapientiam
833 783 963 841 sapientum,
981 790 1003 828 et
1022 783 1147 844 intelligen-

189 844 258 896 rohis,
270 845 299 888 ob
310 844 404 902 gratiam
422 842 468 887 Dei
485 857 541 902 quae
556 842 606 888 data
622 851 656 888 est
687 844 738 888 tiam
751 845 921 905 intelligentium
933 847 1007 891 tollam
1019 862 1032 892 e
1043 848 1122 892 aredio.

190 908 287 954 soursin
300 906 390 954 Christo
402 906 472 954 Jesu:
719 912 751 952 20
769 907 812 953 Ubi
831 909 937 968 sapiens?
954 911 988 955 ubi
1009 910 1097 956 scriba?
1114 909 1149 960 ub

222 974 237 1018 5
256 968 325 1024 Qudd
340 971 362 1016 in
380 971 483 1016 omnihus
499 969 560 1014 ditati
575 969 621 1015 sitis
632 970 653 1014 ir
686 971 812 1030 disquisitor
828 971 895 1018 seculi
911 972 991 1018 istius?
1008 989 1082 1019 nonne
1092 973 1148 1022 inis·

189 1034 246 1096 ipso,
264 1035 324 1080 omni
341 1034 444 1095 loquendi
459 1033 570 1088 facultate,
582 1033 652 1079 omui·
686 1035 757 1080 tuavit
769 1033 835 1080 Deus
846 1036 974 1095 sapientiam
985 1037 1060 1081 mundi
1070 1035 1151 1098 hujus?

196 1114 234 1159 pue
246 1096 337 1154 notitii13
719 1101 747 1143 21
768 1097 829 1144 Nam
840 1107 956 1158 postquam
971 1099 994 1144 in
1007 1099 1055 1144 Dei
1063 1103 1150 1160 sapien·

223 1167 240 1208 6
258 1161 329 1207 Prout
339 1161 490 1210 testimonium
504 1159 587 1209 Christi
600 1175 655 1207 con·
685 1158 717 1207 tiri
727 1162 824 1207 mundus
842 1177 888 1208 non
901 1163 1008 1224 cognovit
1026 1163 1101 1208 Deum
1113 1178 1150 1225 pes

191 1225 478 1272 hrrnattuni'uitinvobis:
687 1226 755 1271 &tam
777 1225 912 1286 sapientiam,
935 1227 1015 1288 placuit
1038 1225 1091 1272 Deo
1112 1241 1149 1289 pes

224 1293 240 1336 7
257 1286 322 1336 atet
333 1295 357 1334 ut
368 1287 429 1334 nullo
440 1289 500 1348 quod
510 1289 576 1335 Deus
586 1288 656 1349 grati·
688 1289 802 1336 stultitiam
817 1290 984 1352 praedicationis
999 1306 1087 1336 servare
1102 1307 1149 1339 cre·

192 1352 270 1410 fleatur
288 1351 423 1406 deficiamiui,
435 1358 588 1412 exspectantes
604 1352 656 1398 dum
687 1354 771 1400 dentes.

193 1415 281 1478 patefiat
292 1415 405 1462 Dominus
416 1423 492 1462 noster
502 1415 570 1464 Jesus
579 1413 657 1463 Chn's·
720 1421 751 1464 22
769 1417 953 1478 Quandoquidem
971 1426 993 1466 et
1012 1419 1029 1468 J
1030 1420 1091 1466 udaei
1103 1419 1148 1482 sig·

193 1491 237 1527 tus.
688 1497 740 1528 num
762 1489 847 1543 petunt,
867 1491 890 1528 et
916 1484 997 1530 Graeci
1021 1485 1148 1546 saphirinus

225 1548 240 1589 8
258 1542 303 1596 Qui
314 1545 381 1590 Deua
391 1543 456 1590 etiam
468 1541 606 1589 confirmabit
616 1559 657 1589 ros
686 1553 801 1605 quaerunt.

184 1623 262 1668 ,usque
281 1609 309 1654 ad
326 1607 393 1654 linem
411 1608 540 1668 inculpatos,
556 1608 579 1654 in
599 1609 656 1654 diem
719 1614 751 1656 23
767 1610 818 1656 Nos
829 1617 903 1656 autem
911 1611 1061 1672 praedicamus
1072 1611 1149 1660 Curis·

194 1671 287 1718 Domini
300 1673 368 1717 nostri
380 1671 435 1720 Jesu
449 1669 539 1719 Christi.
687 1679 733 1718 tum
752 1674 888 1726 crucifixum,
900 1674 992 1722 Judaeis
1007 1673 1096 1735 quidem
1114 1675 1149 1722 01-

226 1741 241 1782 9
258 1735 339 1780 Fidelis
355 1743 387 1782 est
405 1734 476 1789 Deus,
488 1750 602 1796 perquem
614 1751 655 1781 vo·
685 1736 827 1790 fendiculum,
841 1738 933 1783 Graecis
944 1735 997 1783 verd
1009 1739 1139 1786 stultitiam:

193 1799 235 1844 cati
247 1800 299 1844 estis
310 1801 332 1844 iu
341 1799 519 1844 communionem
530 1798 580 1844 lilii
589 1794 656 1860 ipsius
719 1804 751 1845 24
768 1799 826 1861 lpsis
843 1808 916 1845 autem
934 1801 1025 1853 vocatis,
1043 1808 1089 1847 tum
1106 1801 1150 1850 Ju-

193 1861 344 1911 Jcsu‘Christi
357 1862 451 1908 Domini
463 1863 539 1908 nostri.
686 1863 752 1917 daeis,
762 1871 809 1910 tum
820 1863 919 1916 Graecis,
933 1861 1047 1910 Christum
1055 1865 1100 1910 Dei
1109 1881 1150 1927 po-

228 1930 257 1972 10
275 1926 359 1972 Precor
375 1936 448 1971 autem
462 1941 509 1978 vos,
521 1926 605 1978 iratres,
617 1942 657 1987 per
685 1928 777 1973 tentiam
788 1942 814 1973 ae
826 1926 871 1971 Del
883 1927 1017 1986 sapientiam.

194 2005 275 2036 nomen
295 1990 389 2036 Domini
406 1990 475 2034 nostri
492 1988 547 2036 Jesu
565 1989 656 2044 Christi,
719 1993 750 2036 25
768 1990 828 2036 Nam
838 1990 929 2036 stultitia
938 1990 983 2036 Dei
991 1991 1150 2052 sapientiorest

155 2055 159 2066 ¹
194 2062 218 2100 ut
229 2055 286 2100 idem
297 2053 416 2113 loquamini
428 2069 511 2106 omnes,
523 2061 546 2099 et
556 2069 601 2099 non
613 2054 666 2108 sint,
686 2050 752 2114 quim
764 2055 879 2110 homines;
896 2061 919 2100 et
929 2053 1044 2102 infirmitas
1057 2055 1101 2102 Dei
1111 2071 1150 2104 vs·

195 2119 251 2164 inter
265 2133 305 2163 vos
322 2117 416 2169 dissidia,
429 2117 466 2162 sed
478 2117 525 2162 sitia
535 2132 656 2178 coagmen·
686 2117 751 2164 lidior
761 2125 795 2165 est
806 2115 872 2179 quiam
883 2118 991 2164 homines.

194 2182 232 2228 tati
243 2179 320 2226 eidem
331 2188 412 2234 mente,
424 2191 446 2226 et
454 2179 530 2225 eidem
542 2179 657 2228 sententia.
720 2187 751 2228 26
768 2182 856 2228 Videtis
872 2183 931 2228 enim
949 2183 1087 2230 vocationem
1098 2199 1150 2230 ves·

228 2249 253 2290 ll
275 2244 418 2290 Declaratum
435 2252 469 2290 est
488 2245 546 2289 enim
563 2244 616 2290 mihi
631 2245 658 2291 de
687 2253 751 2299 tram,
762 2245 858 2300 iratres;
874 2260 916 2290 vos
926 2247 1030 2292 videlicet
1042 2263 1087 2293 non
1102 2264 1150 2296 essa

194 2307 657 2363 sohisiratresmei.adomesticisChloEs,
687 2309 770 2354 multos
787 2308 897 2369 sapientes
916 2307 1037 2354 secunddm
1055 2325 1150 2365 carnem,

194 2370 251 2432 qudd
263 2372 312 2417 lites
323 2373 368 2416 sint
375 2372 433 2416 inter
445 2387 491 2416 vos.
687 2387 734 2418 non
745 2371 828 2418 multos
838 2378 946 2432 potentes,
958 2385 1003 2416 uon
1015 2372 1097 2418 multos
1108 2389 1149 2420 no·

229 2440 257 2484 12
275 2435 328 2481 Hoc
339 2443 413 2481 autem
425 2435 481 2487 dico,
495 2434 595 2495 singulos
606 2450 657 2481 ves-
687 2437 749 2483 biles.

195 2499 252 2545 trtim
264 2499 343 2554 dicere,
357 2497 409 2558 Ego
421 2494 509 2559 quidem
524 2514 573 2544 sum
587 2496 657 2554 Pauli,
721 2502 752 2546 27
769 2495 918 2558 Verrlmquae
927 2497 993 2544 stulta
1000 2500 1151 2555 suntmundo,

194 2579 237 2624 ego
247 2571 321 2608 autem
334 2561 424 2622 Apollo,
441 2577 484 2623 ego
495 2559 549 2608 verd
562 2559 658 2624 Cephae,
688 2562 756 2625 elegit
765 2561 837 2615 Deus,
848 2569 873 2608 ut
890 2562 1013 2622 pudefaciat
1023 2563 1148 2624 sapientesz

194 2636 216 2673 et
226 2642 270 2688 ego
283 2624 374 2672 Christi.
688 2634 711 2674 et
731 2642 787 2687 quse
803 2635 857 2672 nent
875 2625 962 2672 infirma
979 2628 1061 2681 mundi,
1083 2628 1150 2691 elegit

228 2694 258 2735 13
275 2692 342 2736 Num
351 2689 477 2750 dispertitus
490 2695 525 2736 est
536 2687 660 2737 Christus?
689 2691 761 2745 Deus,
773 2697 797 2735 ut
808 2690 930 2752 pudefaciat
941 2691 1045 2739 robustas

194 2769 247 2800 num
270 2753 354 2800 Paulus
375 2752 493 2798 crucifixus
511 2760 546 2799 est
561 2769 601 2814 pro
618 2768 659 2799 vo·
720 2759 752 2800 28
769 2753 801 2801 Et
811 2771 867 2816 quae
875 2755 980 2816 ignobilia
988 2763 1039 2802 sunt
1050 2756 1072 2802 in
1084 2771 1149 2804 mun·

193 2817 243 2864 his?
264 2826 302 2862 aut
323 2818 345 2862 in
368 2831 450 2862 nomen
474 2817 537 2863 Pauli
553 2817 659 2879 baptizati
688 2819 724 2874 do,
735 2826 758 2865 et
768 2835 808 2880 pro
820 2820 887 2865 nihilo
898 2820 976 2873 hahita,
988 2820 1056 2881 elegit
1068 2821 1149 2877 Deus3

193 2880 282 2928 fuistis?
688 2892 711 2928 et
721 2899 748 2929 ea
758 2898 813 2943 quae
830 2899 875 2929 non
891 2889 949 2936 sunt.
962 2891 986 2928 ut
996 2899 1023 2929 ea
1033 2899 1089 2944 quae
1100 2892 1151 2933 sunl

228 2949 258 2990 14
276 2945 365 2990 Gratias
374 2959 417 3004 ago
426 2942 479 2990 Deo
488 2959 544 2998 meo,
552 2939 611 3004 qudd
619 2959 658 2989 ne·
689 2947 774 2992 aboleat
782 2963 788 2991 r

194 3009 277 3054 minem
304 3017 403 3053 vestrum
430 3009 595 3070 baptizaverim,
617 3007 660 3054 nisi
722 3013 753 3056 29
771 3009 805 3055 Ut
820 3023 848 3053 ne
864 3006 973 3068 glorietur
989 3007 1034 3053 ulla
1048 3023 1148 3056 carneo·

195 3071 300 3133 Crispum
311 3080 334 3117 et
347 3071 441 3117 Gaium:
689 3087 736 3118 ram
748 3087 783 3118 eo.

229 3139 267 3183 15.
278 3135 311 3181 Ut
327 3135 404 3194 nequis
420 3136 477 3181 dicat
493 3151 530 3182 me
546 3135 569 3180 in
585 3149 660 3180 meum
721 3139 754 3181 50
771 3133 815 3180 Sed
825 3147 854 3179 ex
864 3132 911 3193 ipso
923 3146 963 3177 vos
974 3132 1027 3178 estis
1037 3133 1060 3178 in
1073 3131 1150 3181 Chris·

195 3213 276 3246 nomen
287 3195 419 3260 baptizisse.
689 3206 713 3246 to
724 3198 787 3252 Jesu,
799 3197 835 3256 qui
846 3196 917 3242 iactus
928 3203 962 3240 est
973 3197 1035 3242 nohis
1046 3198 1150 3258 sapientis

230 3267 259 3309 16
284 3261 402 3322 Baptizavi
424 3271 497 3308 autem
519 3262 585 3308 etiam
608 3261 659 3308 sn·
689 3262 773 3315 aDeo,
781 3261 917 3323 justitiaque,
929 3266 952 3305 et
968 3259 1148 3317 sanctificatioet

196 3325 280 3388 phanoe
290 3325 409 3371 familiam:
428 3324 539 3372 caeterhm
549 3326 606 3370 haud
613 3327 659 3372 scio
690 3326 828 3386 redemptio:

197 3404 249 3435 num
260 3405 327 3449 quem
338 3389 404 3434 alium
415 3389 581 3450 baptizaverim.
722 3395 751 3436 31
773 3389 806 3435 Ut
808 3389 859 3452 fiat
871 3389 927 3433 sicut
938 3387 1042 3448 scriptum
1054 3393 1094 3443 est,
1105 3389 1149 3446 Qu

230 3455 259 3499 17
276 3452 331 3498 Non
342 3453 400 3498 euim
412 3454 471 3498 misit
479 3451 515 3498 ine
523 3451 627 3500 Christus
635 3461 658 3498 ut
688 3454 802 3516 gloriatur,
814 3453 836 3498 in
849 3451 950 3497 Domino
960 3451 1073 3512 gloriator.

203 3517 337 3576 uptizarem,
360 3516 398 3561 sed
420 3525 443 3560 ut
462 3516 658 3576 evangelizarem

205 3594 241 3624 ron
258 3587 334 3626 tamen
354 3591 404 3624 eum
424 3580 509 3625 dicendi
527 3576 610 3639 peritia,
630 3595 659 3626 ne
858 3576 932 3626 CAP.
955 3575 988 3623 Il.

199 3643 267 3690 nanis
278 3643 380 3690 reddatur
390 3657 445 3688 crux
458 3642 548 3689 Christi.
750 3642 796 3690 GO
807 3643 875 3704 igitur
885 3656 952 3701 quum
960 3642 1058 3688 venirem
1067 3646 1094 3692 ad
1103 3662 1145 3692 toa

232 3709 259 3752 ts
278 3707 336 3754 Nam
354 3721 426 3754 sermo
442 3705 480 3751 ille
498 3705 526 3752 de
546 3719 618 3756 eruce.
632 3706 658 3752 iis
778 3706 863 3760 iratres,
875 3706 926 3752 veni
937 3721 1041 3754 noncum
1051 3712 1147 3758 emim

436 3775 480 3817 187
