2720 4312
467 389 487 428 t.
499 378 667 431 EPISTULA
679 383 790 436 PETRI.
814 381 858 428 lV.

210 493 235 536 11
255 489 360 536 Declinct
370 485 385 536 d
395 487 463 542 malo,
479 494 503 536 ct
517 487 584 536 iaciat
598 488 640 534 bo·
672 484 731 548 quit
747 488 784 550 qui
798 505 875 552 passus
890 489 1041 550 satiatam,
1053 492 1134 541 destitit

179 568 248 610 1111111
264 560 354 614 quaerat
366 568 452 616 pacem,
464 559 487 598 et
497 559 641 614 persequatur
673 547 785 613 lpeccato
792 570 800 609 ;

179 633 232 666 nm.
706 621 721 661 2
744 616 778 664 Ut
799 633 844 664 non
866 615 959 679 amplirls
983 619 1135 681 cupiditatibus

212 685 240 726 12
256 679 316 727 Nam
324 679 382 726 oculi
393 677 488 726 Domini
497 680 643 726 sentimenti
673 679 794 735 bominum,
807 683 845 728 sed
857 683 965 730 voluntati
977 683 1029 738 Dei,
1043 685 1101 744 qnod
1114 685 1135 732 ia

178 745 199 791 in
211 747 286 802 iustos,
298 751 320 790 et
331 759 397 790 aures
411 745 459 804 ejus
470 744 492 789 in
504 743 640 805 deprecatio·
673 759 739 790 carne
750 745 856 805 reliquum
868 756 902 793 est
913 748 1025 808 temporis,
1037 749 1104 794 vivat.

179 823 228 856 nem
239 824 329 866 eorum3
347 809 423 853 vultus
434 805 487 853 verb
500 807 593 854 Domini
602 808 637 853 ad·
705 811 721 852 3
738 807 824 854 Sufficit
840 810 898 855 enim
917 813 979 858 nobis
996 813 1136 873 praeteritas

180 887 266 919 tersum
276 887 315 918 eos
326 872 363 932 qui
374 871 458 918 iaciunt
468 871 533 918 mela.
674 871 732 918 vitae
743 881 836 933 tempas,
847 873 906 933 qudd
917 891 973 934 quae
984 876 1052 922 libent
1061 883 1135 936 gent·
1209 899 1213 912 ·

212 939 241 981 13
258 935 442 996 Eiquisestqui
459 935 543 996 affligat
559 949 606 988 vos,
624 933 642 980 ti
673 935 713 982 bus
733 938 898 996 patraverimus,
920 953 987 997 quum
1009 940 1136 988 incessimut

179 996 280 1048 bnans
290 999 436 1046 aemulatores
445 998 547 1046 fueritis?
674 998 697 1044 in
714 999 815 1053 lasciviis,
833 1000 992 1062 cupiditatibus,
1004 1003 1136 1058 vinolentiis,

214 1067 241 1110 tt
264 1064 308 1110 Sed
329 1071 352 1109 et
373 1063 392 1109 si
414 1063 471 1123 quid
492 1061 643 1124 perpetiamlnl
674 1063 877 1118 comessationibus,
894 1067 1098 1126 compotationibus,
1115 1079 1135 1112 et
1211 1086 1214 1096 Δ

182 1127 390 1188 ρωμῐεηυεῒὶῑίαω,
407 1127 464 1172 beati
480 1135 557 1173 tamen
573 1129 641 1173 estis.-
674 1125 763 1172 nefariis
774 1127 940 1174 simulacrorum
952 1129 1059 1175 cultibus:

181 1188 289 1242 atteterbrn
312 1191 392 1237 timore
412 1206 489 1236 eorum
512 1205 541 1236 ae
560 1191 643 1245 timete,
706 1189 1133 1246 tQuamobremntimonconcunm·

181 1269 250 1314 serpae
261 1254 390 1300 turbamini:
675 1253 732 1298 tibus
749 1255 811 1301 vobis
827 1254 854 1300 ad
870 1256 962 1302 eandem
979 1257 1045 1302 luxlls
1062 1257 1134 1318 proin·

214 1321 242 1366 15
259 1317 440 1366 SedDominum
452 1315 528 1364 Deum
546 1315 643 1364 sanctifi-
675 1317 767 1372 sionem,
800 1319 935 1380 peregrinari
962 1321 1001 1366 sibi
1030 1321 1137 1371 ridentur·

180 1383 259 1428 tutela
270 1383 372 1429 cordibus
380 1383 466 1428 vestris.
484 1383 563 1429 Estote
569 1389 643 1428 autem
674 1381 866 1443 blasphemantem

181 1461 265 1508 semper
274 1445 343 1508 parati
355 1445 381 1492 ad
394 1445 569 1506 respondendum
580 1445 642 1492 cuili-
708 1449 723 1492 5
741 1444 786 1498 Qui
803 1445 907 1494 reddituri
924 1454 976 1494 sunt
995 1449 1101 1496 rationem
1117 1450 1137 1496 ei

181 1511 215 1556 bet
226 1510 307 1571 petenti
319 1509 425 1556 rationem
437 1511 484 1572 ejus
495 1510 540 1571 spei
551 1524 608 1570 quae
620 1510 644 1556 ia
675 1509 712 1568 qui
728 1517 817 1570 paratus
834 1518 868 1558 est
884 1511 1062 1570 adjudicandum
1074 1514 1138 1560 viror

180 1575 240 1620 vobis
251 1581 291 1628 est,
303 1589 354 1620 cum
365 1573 454 1620 lenitate
462 1581 485 1620 et
493 1573 579 1628 timore,
588 1589 642 1620 con·
673 1579 697 1620 et
707 1583 813 1622 mortuos

182 1637 293 1683 scientiam
304 1637 513 1684 bonamhabentes:
707 1635 799 1684 otiam
827 1638 908 1685 idcirco
935 1641 1027 1686 mortula
1051 1657 1137 1702 quoque

213 1705 241 1748 16
259 1702 293 1749 Ut
301 1718 341 1764 pro
352 1717 379 1747 eo
394 1702 452 1762 quod
468 1701 588 1762 loquuntur
604 1701 643 1748 ad-
674 1702 843 1764 praedicandum
870 1703 912 1748 luit
937 1705 1084 1766 evangelium,
1114 1713 1138 1751 ut

141 1817 145 1826 ¹
182 1763 269 1811 rersrlm
280 1782 321 1812 uos
332 1773 436 1826 tanquam
447 1765 564 1818 maleficos,
573 1765 643 1826 pudc-
675 1765 831 1812 damnarentur
839 1763 928 1825 quidelm
936 1764 1056 1812 secundtim
1065 1767 1137 1814 bomi-

181 1827 232 1874 liant
244 1830 279 1889 qui
291 1829 364 1875 infesti
376 1825 428 1875 sunt
438 1838 525 1876 vestrae
535 1830 606 1876 bonae
620 1831 643 1876 ’111
675 1843 721 1882 nes,
733 1829 803 1879 iden,
815 1844 893 1884 carne;
912 1829 1092 1876 viverentautem
1101 1847 1137 1878 se-

183 1891 271 1940 Christo
282 1893 452 1940 conversationi.
675 1889 771 1938 cundtlm
785 1891 868 1946 Deum,
880 1893 903 1938 til
915 1901 953 1947 est,
966 1893 1049 1954 spiritu.

214 1960 242 2004 tt
259 1955 343 2004 Melius
353 1958 412 2003 enim
423 1965 455 2004 est
466 1963 490 2002 ut
500 1953 558 2004 bend
574 1972 644 2018 agen·
708 1960 722 2003 7
740 1955 847 2002 Omnium
869 1964 943 2002 autem
962 1955 1011 2003 fluis
1030 1957 1136 2004 imminet.

181 2029 220 2074 tes,
232 2021 249 2066 sl
259 2021 289 2068 ita
300 2021 352 2066 velit
361 2019 407 2068 Dei
416 2022 525 2075 voluntas,
535 2021 598 2068 malis
609 2019 643 2068 ai·
676 2018 757 2066 Estote
773 2021 840 2082 igitur
857 2021 922 2068 sobrii
938 2027 960 2066 et
978 2021 1094 2084 vigilantes
1111 2023 1137 2069 nal

182 2083 289 2138 ficiamini,
300 2081 366 2146 quim
376 2081 433 2131 11111Ῑὲ
444 2096 550 2146 agentes:
676 2084 790 2130 orandum.

215 2153 243 2194 18
268 2148 328 2196 Nam
349 2157 372 2194 et
391 2146 494 2196 Christus
516 2147 585 2195 actual
603 2164 643 2211 pro
708 2149 801 2195 8Ante
812 2149 886 2196 omnia
896 2147 950 2196 verd
960 2150 1087 2198 charitatem
1102 2151 1136 2196 alii

182 2213 275 2272 peccatis
286 2227 363 2274 passus
374 2213 422 2266 luit,
430 2212 505 2274 justus
521 2228 562 2274 pro
573 2213 642 2276 iujus-
675 2211 697 2258 iu
709 2212 763 2260 elios
772 2214 880 2258 intensam
888 2215 1005 2260 habentes:
1025 2229 1075 2260 nam
1086 2216 1136 2260 cha-

182 2275 226 2334 tis;
242 2285 266 2322 ut
276 2277 351 2322 nosad
359 2275 435 2323 Deum
447 2277 570 2331 adduceret,
582 2293 642 2323 mor·
675 2277 728 2322 ritas
747 2277 830 2338 operiet
851 2277 1013 2325 multitudinem
1035 2288 1136 2339 peccato·

181 2339 274 2386 tilicatus
284 2337 373 2400 quidem
384 2356 456 2395 carne,
469 2339 591 2387 vivificatus
602 2356 643 2386 aa·
676 2355 731 2386 rum.

182 2413 225 2450 tem
238 2404 338 2466 Spiritu:
708 2409 723 2451 9
740 2401 870 2464 Hospitales
880 2409 952 2450 estote
962 2403 998 2450 elii
1009 2419 1062 2466 erga
1077 2404 1136 2459 alios,

167 2467 171 2472 ’
214 2471 244 2515 19
260 2466 305 2514 Per
320 2483 386 2530 quem
401 2468 467 2514 etiam
482 2467 591 2529 spiritibus
606 2468 643 2528 qui
674 2465 722 2515 aine
730 2468 946 2514 murmurationibus.

181 2539 233 2578 nens
244 2531 267 2578 in
278 2547 365 2578 carcere
374 2531 486 2592 proiectus
496 2533 643 2593 praedicavit,
710 2534 740 2577 10
753 2530 791 2577 Ut
801 2530 893 2591 quisque
903 2531 987 2594 acecpit
997 2531 1087 2586 donum,
1103 2533 1136 2579 ita

213 2599 245 2641 90
270 2595 330 2642 Olim
346 2595 499 2656 immorigeris,
517 2612 586 2656 quum
608 2612 642 2642 se·
675 2595 730 2642 alius
748 2595 772 2640 in
790 2595 857 2641 aliurn
877 2595 930 2641 illud
941 2597 1136 2650 subministrantes,

182 2659 225 2704 mel
239 2660 378 2720 exspectabat
394 2658 440 2705 Dei
457 2660 535 2706 lenitas
553 2674 577 2707 111
596 2660 643 2706 die·
675 2666 700 2706 ut
710 2659 762 2705 boni
773 2655 933 2722 dispensatores
944 2661 1018 2707 variae
1027 2659 1073 2706 Der
1083 2677 1135 2724 gra·

182 2723 221 2768 bus
237 2721 296 2778 Noe,
313 2739 381 2784 quum
395 2732 536 2784 appararetur
551 2739 608 2779 arca,
620 2723 643 2770 in
674 2725 725 2770 tiae.

181 2784 316 2848 quipaucae
328 2787 412 2850 (idest,
425 2785 487 2848 octo)
500 2788 585 2835 animae
596 2803 643 2834 ser·
710 2791 735 2834 11
757 2786 830 2850 Siquis
850 2787 955 2850 loquitar,
981 2790 1091 2850 quuatur
1111 2796 1135 2836 ut

183 2861 245 2897 ratae
256 2859 307 2897 rznt
318 2851 340 2897 in
351 2849 414 2911 aquit.
675 2851 762 2912 eloquia
771 2853 832 2909 Dci;
849 2854 917 2914 siquis
928 2855 1043 2907 ministrat,
1055 2854 1136 2900 minis·

214 2917 242 2960 el
262 2913 305 2962 cui
315 2915 345 2960 rei
353 2929 412 2961 nunc
420 2915 594 2976 correspondens
602 2929 642 2960 ex·
660 2928 662 2932 ’
674 2924 719 2963 tret
730 2925 833 2976 tanquam
841 2905 873 2960 bx
886 2917 967 2962 viribus
984 2932 1038 2976 quas
1055 2931 1135 2976 suppe-

182 2978 265 3039 smplar
282 2977 383 3039 baptismi
402 2994 444 3025 nos
460 2995 548 3040 quoque
570 2986 643 3025 servat
675 2978 821 3026 ffltatDeus:
841 2979 899 3023 utin
911 2979 1012 3024 omnibus
1026 2979 1136 3039 glorifice·

184 3043 240 3103 (non
259 3058 303 3102 quo
322 3042 395 3088 camis
412 3043 488 3088 sordes
506 3043 642 3104 abjiciuntur,
675 3051 713 3090 tur
724 3041 790 3088 Deus
807 3057 846 3102 per
863 3039 940 3088 Jesum
962 3040 1084 3095 Christum,
1101 3042 1136 3088 cui

183 3105 221 3151 aed
239 3107 350 3167 stipulatio
364 3105 436 3152 bonae
454 3107 601 3153 conscientiae
618 3121 643 3152 a·
674 3114 709 3154 est
719 3105 791 3168 gloria
801 3113 824 3150 et
834 3105 949 3165 imperitun
960 3105 983 3150 in
992 3104 1066 3152 secula
1073 3119 1135 3151 sccu-

183 3169 227 3232 pud
234 3167 324 3230 Deum)
341 3185 380 3231 per
394 3171 577 3218 resurrectionem
588 3169 644 3218 Jesu
675 3171 755 3218 lorum.
788 3168 870 3214 Amen.

184 3231 283 3283 Christi:
710 3237 739 3280 12
757 3231 892 3285 ehansstmt,
908 3245 936 3278 ne
948 3238 1050 3292 tanquam
1061 3231 1135 3293 bospi-
1224 3231 1225 3236 ’

214 3301 245 3342 22
262 3297 309 3351 Qui
320 3304 354 3342 est
368 3296 396 3343 ad
412 3296 512 3344 dextram
525 3296 577 3352 Dei,
589 3313 641 3358 pro-
675 3304 709 3345 tes
720 3297 871 3357 exploratione
881 3292 918 3341 illd
933 3311 973 3358 per
988 3295 1064 3355 ignem
1080 3311 1136 3356 quae

184 3358 252 3406 iectus
262 3362 285 3406 in
296 3361 390 3414 coelum,
402 3361 504 3420 subjectis
518 3361 558 3422 ipsi
574 3377 643 3424 auge·
676 3363 705 3409 sit
715 3362 738 3408 in
750 3361 811 3406 robis
827 3359 855 3406 a‘d
871 3359 939 3406 vestrl
955 3359 1136 3418 experimentum,

190 3423 215 3478 ts,
228 3425 580 3486 etpotestatibusacrirtutibus.
675 3425 824 3490 percellimini,
840 3422 1136 3486 utsiperegrinumaliqutd
1173 3436 1179 3445 ’

676 3489 738 3537 vobis
748 3488 863 3534 accideret.

342 3549 416 3599 CAP.
440 3549 484 3598 IV.
711 3556 741 3597 13
757 3548 807 3596 lmd
819 3551 841 3595 in
852 3567 879 3596 eo
891 3545 951 3610 qudd
961 3556 1075 3596 consortes
1086 3551 1136 3596 estis
1202 3599 1205 3604 ¹

244 3611 326 3664 UUM
336 3616 404 3676 igitur
415 3613 517 3664 Christus
529 3631 605 3677 passus
617 3615 645 3662 sit
676 3616 819 3664 afflictionum
839 3613 929 3668 Christi,
946 3612 1047 3674 gaudete,
1068 3622 1091 3660 ut
1108 3630 1137 3666 es,

274 3695 315 3740 pro
334 3679 396 3726 nobis
412 3695 483 3734 carne,
501 3695 541 3725 vos
558 3693 645 3739 quoque
676 3694 744 3740 quum
761 3676 850 3737 patefiet
866 3679 913 3740 ejus
929 3676 1007 3740 gloria
1023 3679 1135 3740 gstrdsatu

195 3738 257 3790 tidem
274 3743 547 3847 cogitationgoearmamiui.
565 3759 645 3802 aentpc
676 3742 818 3796 exsultantes,
