2720 4312
550 397 656 446 PAULI
674 396 842 444 EPISTULA

216 520 255 550 ros
266 502 366 564 dream)
361 519 383 549 m
394 502 545 566 praefidente'
540 499 581 550 istd
592 502 675 564 gloria·
708 500 796 562 humilis
813 515 862 546 sum
880 501 999 555 intervos,
1019 503 1146 549 absenti²
1119 519 1146 548 ve
1138 519 1171 550 ,ιι

217 570 283 614 tione
709 580 757 610 sum
766 579 820 624 erga
830 580 871 609 vos
882 564 1009 611 conlidens:

247 630 359 691 sitaque
376 630 523 677 necessarium
543 629 618 690 putavi
637 629 677 674 ad·
742 630 827 674 2Hoc
846 639 919 674 sutem
936 644 998 688 rogo,
1022 643 1050 674 ne
1067 643 1175 704 praesens

216 695 296 742 hortari
311 696 352 740 ιιοι
363 694 447 748 fratros,
455 702 479 740 ut
487 709 571 754 pnores
579 693 679 738 venirent
709 691 844 738 confidenter
855 706 920 752 agam
931 690 1017 744 fiduciis,
1036 708 1080 753 qua
1096 694 1175 739 existi·

216 751 244 804 ιιι
254 773 301 811 vos,
312 765 334 802 et
345 755 405 818 ptids
416 758 555 804 absolverent
565 769 631 802 antea
638 757 678 801 de-
709 770 758 800 mor
769 755 841 801 audax
851 757 934 800 titisse
929 771 951 801 ιιι
962 757 1076 816 quosdam,
1093 758 1130 816 qui
1145 759 1174 803 de

216 822 341 867 nunciatam
352 820 517 870 beneficentiam
534 828 636 873 vestram,
654 827 679 865 ut
710 819 772 864 nobis
782 819 909 864 existimant
920 821 981 880 quasi
993 818 1173 867 secunddmcar·

217 900 243 932 ea
260 885 289 930 sit
304 893 380 946 parata
398 885 429 930 ιιι
446 889 471 930 ut
488 883 638 938 beneficentia,
656 890 679 928 et
711 897 762 928 nem
772 882 907 930 incedamus.

218 965 262 998 nm
274 955 420 994 utextortum
432 948 519 1010 aliquid.
741 945 859 992 ³Narn
854 961 877 992 m
893 961 966 999 carne,
982 961 1026 992 nou
1046 955 1119 993 tamen
1139 963 1172 993 se·

250 1011 336 1059 Glloc
345 1014 482 1066 autemdtco
492 1010 538 1066 Qut
547 1010 599 1058 sent
607 1004 679 1071 perce
711 1007 808 1055 cunddm
831 1025 926 1064 carnem,
949 1010 1075 1056 incedentes
1092 1012 1171 1058 milita·

104 1129 113 1138 ,
178 1097 181 1102 ·
218 1071 286 1154 pared
299 1076 365 1122 etiam
382 1082 466 1123 metetr
485 1075 555 1136 etqui
575 1076 627 1121 serit
641 1075 679 1120 be·
712 1087 777 1119 ntus:

218 1135 293 1201 aigne,
302 1135 398 1200 benigni
409 1139 474 1186 etiam
486 1145 560 1186 metet.
744 1141 759 1181 4
776 1135 848 1182 Anno
857 1138 916 1182 enim
928 1137 1018 1182 militiae
1028 1145 1117 1184 nostrae
1127 1153 1173 1184 aon

251 1207 265 1250 7
283 1203 390 1263 Quisque,
404 1205 461 1250 sieut
477 1209 589 1280 praeoptat
608 1201 680 1254 corde,
713 1200 807 1248 ιιιιιιιιι
818 1208 876 1254 sunt,
888 1201 927 1246 sed
938 1197 1043 1250 divinittls
1060 1201 1131 1248 valida
1146 1203 1174 1248 ad

220 1267 252 1314 ito
264 1277 330 1340 agat.
350 1282 395 1313 non
405 1281 435 1313 ex
446 1263 533 1313 tristitiit
543 1273 582 1312 aut
592 1280 622 1312 ex
640 1281 680 1310 ne·
712 1264 875 1310 subversionem
887 1265 1050 1310 munitionum.

219 1331 334 1377 cessitate:
354 1345 405 1376 nam
421 1331 512 1376 hilarem
531 1330 630 1377 datorem
647 1329 681 1376 di·
744 1327 966 1375 5Ratiocinstiones
981 1328 1108 1382 evertendo,
1125 1345 1175 1374 orn-

219 1393 267 1454 ligit
280 1393 350 1439 Deus.
712 1407 807 1452 nemque
823 1392 978 1438 sublimitatem
994 1407 1051 1452 quae
1066 1407 1115 1438 sese
1133 1407 1174 1439 ex-

251 1461 266 1502 8
284 1456 368 1502 Potens
378 1464 411 1503 est
421 1465 495 1502 autem
512 1455 578 1502 Deus
594 1455 681 1502 efficere
712 1455 770 1502 tollit
780 1453 887 1502 advertiis
896 1456 1047 1517 cognitionem
1059 1455 1111 1510 Dei,
1120 1464 1143 1502 et
1152 1457 1175 1503 in

221 1528 244 1565 ιιι
256 1521 328 1566 omnis
338 1521 410 1581 gratia
420 1522 444 1565 in
461 1535 502 1566 vos
518 1519 641 1575 redundet;
657 1527 682 1566 et
711 1519 861 1580 captivitatem
872 1520 992 1580 redigendo
1003 1534 1093 1566 omnent
1111 1521 1176 1582 cogi·

220 1586 242 1629 in
255 1584 356 1629 omnibus
367 1583 427 1630 omni
438 1589 538 1644 tempore
546 1598 613 1630 omne
621 1583 681 1642 quod
710 1584 817 1630 tationem
827 1584 856 1629 ad
866 1583 1010 1630 obediendum
1022 1581 1125 1630 Christo:

219 1648 433 1702 sufficiatbabentes,
449 1647 563 1694 abundetis
574 1647 602 1693 ad
612 1661 679 1693 omne
744 1651 760 1692 6
777 1646 810 1693 Et
825 1654 924 1708 paratum
944 1647 1044 1693 habendo
1061 1662 1105 1707 quo
1124 1647 1175 1694 vin-

219 1728 274 1774 opus
285 1712 375 1758 bonum.
712 1709 810 1756 ditemus
822 1725 911 1756 omnem
927 1710 1095 1765 contumaciam,
1111 1720 1176 1773 post·

252 1782 267 1824 9
285 1777 346 1822 Sicut
355 1776 507 1838 scriptumest,
515 1773 680 1836 Dtsperntde·
712 1789 779 1834 quam
800 1773 926 1836 impleta
910 1774 977 1820 fuerit
996 1782 1071 1821 vestra
1096 1775 1174 1822 obedi-

220 1841 252 1887 dit
271 1841 415 1901 pauperibus.
433 1840 559 1901 Justitia·J
539 1841 587 1885 e'us
606 1846 682 1886 manet
712 1837 778 1884 entia.

141 1900 144 1908 '
221 1906 243 1949 in
256 1905 361 1950 seculum.
745 1907 760 1953 t
778 1903 843 1958 Quae
854 1904 882 1950 ob
898 1904 975 1950 oeulos
993 1910 1046 1950 sunt
1060 1904 1177 1966 aspicitis?

254 1974 283 2015 10
300 1970 345 2025 Qui
367 1977 440 2016 autem
462 1969 585 2030 suppeditat
606 1983 682 2015 semen
706 1962 780 2027 'siquis
791 1968 848 2042 apud
859 1983 884 2014 se
894 1967 984 2014 conlidit
995 1984 1019 2014 se
1031 1966 1114 2015 Christi
1125 1985 1178 2016 esse

219 2033 306 2086 serenti,
328 2039 351 2078 et
374 2047 454 2093 panem
477 2033 505 2078 ad
526 2047 600 2078 ιιιιιιι
629 2048 682 2093 sup-
712 2032 787 2077 hoc
767 2046 862 2077 vtctsstm
874 2033 1061 2092 cogitetexsese
1069 2034 1177 2092 quemad

220 2096 307 2156 peditet,
319 2102 342 2140 et
352 2095 481 2155 multiplicet
491 2103 612 2142 sementem
631 2112 681 2142 ves·
713 2095 827 2141 modum
821 2095 861 2156 ipsi
881 2094 964 2144 Christi
980 2104 1019 2150 ert,
1040 2096 1072 2143 ita
1092 2103 1116 2142 et
1134 2113 1177 2144 nos

221 2167 282 2212 tram,
294 2166 317 2205 et
327 2167 408 2220 augeat
417 2159 502 2206 fructus
513 2160 613 2222 justitiae
629 2175 681 2206 tes·
715 2157 798 2206 Christi
809 2174 861 2206 este.

220 2231 281 2269 trae·
745 2227 760 2268 8
778 2222 867 2269 Nam'
850 2238 868 2268 ιι
879 2220 972 2283 amplids
987 2222 1053 2269 etiam
1064 2222 1176 2285 quippiam

254 2291 280 2332 tl
301 2288 364 2333 Vobis
371 2287 506 2333 omnimodo
513 2287 586 2336 ditatis
596 2287 624 2334 ad
632 2303 681 2333 ont·
712 2285 795 2346 glorier
805 2287 833 2332 de
847 2294 955 2348 potestate
966 2285 1047 2340 nostri,
1058 2303 1124 2348 quatu
1135 2289 1176 2334 de-

220 2366 270 2396 nem
281 2351 445 2413 benignitatem,
457 2367 513 2412 quae
520 2367 559 2412 per
568 2352 683 2398 nosefficit
712 2350 745 2396 dit
756 2349 869 2396 Dominus
884 2351 946 2396 nobis
956 2351 985 2397 ad
995 2350 1177 2406 aedificationem,

220 2422 244 2460 ut
253 2416 338 2475 gratiae
348 2423 444 2476 agentur
455 2415 514 2462 Deo.
712 2429 738 2460 tte
757 2429 802 2460 non
817 2415 845 2461 ad
861 2415 1025 2461 subversionem
1038 2415 1112 2470 vestri,
1129 2430 1176 2462 non

254 2481 283 2524 ta
300 2479 360 2524 Nam
377 2479 547 2525 subministratio
566 2478 682 2525 oblationis
712 2478 838 2540 pudefiant:

219 2541 281 2587 istius
292 2557 336 2588 non
349 2540 419 2587 solimr
431 2543 518 2603 supplet
528 2557 583 2602 quae
599 2543 681 2589 sanctis
746 2546 761 2588 9
777 2541 815 2587 Ne
826 2541 901 2587 videar
909 2557 950 2588 ceu
958 2541 1126 2604 perterruisse
1134 2558 1176 2590 vos

219 2605 304 2656 desunt,
316 2605 355 2650 sed
366 2606 431 2658 etiam
440 2607 537 2651 exundat
547 2621 586 2665 per
600 2606 681 2654 multas
715 2606 873 2666 perepistolas.

218 2667 339 2728 gratiarum
349 2669 448 2712 actiones
460 2668 512 2714 Deo
523 2670 631 2716 caliditas
642 2685 682 2730 per
747 2673 777 2716 10
786 2669 846 2715 Nam
854 2665 1177 2730 epistobequiddminquiunt,

218 2731 421 2804 approbationem
415 2731 478 2777 istius
494 2732 678 2780 subministratio·
711 2747 792 2794 graves
803 2741 855 2779 sunt
866 2740 888 2778 et
896 2733 994 2780 validae
1008 2735 1177 2796 sedpraesectia

219 2795 268 2840 nis:
711 2797 811 2857 corporis
832 2796 919 2844 infirma
939 2805 978 2852 est,
1005 2805 1029 2844 et
1049 2813 1123 2845 sermo
1142 2807 1176 2845 est

253 2860 283 2903 ts
299 2854 363 2903 Dum
373 2856 450 2904 Deum
460 2857 585 2919 glorificant
593 2859 621 2905 de
629 2875 680 2906 ves·
712 2861 781 2907 nihili.

189 2942 197 2948 ·
218 2919 252 2967 ιιι
262 2919 342 2968 ιιιιιιι
352 2922 529 2970 submissionem
540 2924 681 2999 evangelum
746 2928 773 2970 lt
793 2923 848 2971 Hoc
858 2925 942 2986 cogitet
952 2941 992 2986 qut
989 2924 1124 2972 'istiusmodi
1135 2933 1176 2980 est,

220 2984 310 3041 Christi,
321 2987 391 3048 deque
401 2983 536 3048 benignam
552 3003 601 3034 sese
616 2990 680 3035 etin
712 2989 788 3049 quales
814 3003 891 3035 sumus
917 2991 985 3036 verbo
1011 3005 1052 3064 per
1072 2989 1177 3050 epistolas

218 3065 296 3097 omnes
307 3051 518 3098 communicatione.
712 3068 781 3113 quum
792 3053 902 3108 absumus,
919 3053 974 3099 tales
989 3054 1055 3100 etiam
1071 3069 1112 3100 nos
1121 3051 1178 3114 sort

253 3119 282 3160 14
298 3114 331 3161 Et
342 3129 381 3177 per
390 3115 488 3176 ipsorum
499 3131 575 3176 preces
582 3131 623 3176 pro
639 3133 680 3163 vo·
713 3114 785 3178 reipsa
794 3132 863 3177 quum
874 3117 993 3164 aderimus.

220 3184 369 3240 bispropenso
385 3194 425 3224 vos
442 3191 518 3226 amore
532 3180 680 3255 diligentium,
747 3185 777 3226 12
794 3181 848 3227 Non
860 3181 919 3228 enim
930 3181 1037 3228 sudemus
1047 3181 1165 3242 nosadjun

220 3251 307 3304 propter
321 3243 465 3290 excellentem
481 3244 576 3304 gratiam
595 3244 664 3290 Dei
658 3258 681 3290 m
713 3260 767 3306 gete
777 3245 814 3292 vel
828 3246 965 3307 conjungere
979 3260 1031 3292 curn
1047 3245 1177 3306 quibusdam

220 3308 288 3352 vobis.
713 3309 750 3369 qui
770 3310 853 3370 seipsos
872 3309 1043 3356 commendant·
1073 3308 1112 3354 sed
1130 3322 1177 3354 non

253 3373 282 3416 15
299 3370 458 3416 Gratiaautcm
468 3372 498 3416 tit
510 3369 563 3416 Deo
572 3387 637 3432 super
645 3387 680 3417 m
713 3372 841 3434 intelligunt
858 3371 939 3432 quiid
933 3375 975 3434 rpsi
992 3387 1040 3419 sese
1055 3373 1177 3418 metiuntur

221 3434 332 3480 enarrabili
343 3450 384 3481 suo
396 3449 495 3482 munere.
713 3437 797 3498 seipsis,
812 3444 835 3482 et
846 3438 939 3497 sibiipsis
950 3453 998 3483 sese
1008 3443 1144 3498 comparant.

749 3504 778 3546 ts
794 3500 827 3545 At
839 3515 936 3546 noanon
948 3501 1091 3566 gloriabimur
1106 3500 1135 3547 de
1150 3513 1177 3548 us

387 3559 515 3609 catix
714 3579 770 3624 quae
781 3578 897 3610 mensurae
907 3573 999 3611 nostrae
1009 3579 1054 3611 non
1066 3577 1124 3619 sunt,
1138 3563 1177 3611 sed

221 3623 444 3742 CAETERUM
454 3641 533 3687 precor
540 3641 580 3672 vos
588 3643 628 3688 per
635 3627 681 3674 cle·
714 3625 843 3674 secunddm
846 3628 937 3674 modum
953 3629 1016 3676 nobis
1032 3628 1060 3675 ad
1077 3628 1176 3689 regulam

305 3690 582 3750 mentiametaequitatem
591 3689 681 3745 Christi,
713 3691 851 3744 admensum,
869 3693 894 3737 id
910 3701 949 3745 err,
965 3693 1089 3752 eJusquarn
1101 3691 1175 3738 distri-

220 3761 263 3808 sp.
274 3748 482 3860 ipse'Ptuluaaegsui
499 3767 574 3799 coram
592 3754 681 3814 quidem
712 3754 834 3801 buitnobit
847 3753 913 3800 Deua
929 3769 1051 3810 mensurae,
1065 3756 1172 3816 gtwtebt
