2734 4314
522 406 748 464 MA'ITHAEUS.
772 408 830 458 XX.

216 519 656 584 liliaqueuouarnplidsountdaqacd
721 524 749 567 21
770 521 811 569 Ait
826 523 846 570 ei
863 521 938 577 Jcauu,
952 523 974 570 Si
993 527 1026 570 via
1042 526 1150 586 per-lwtt-

191 602 230 633 uia
239 603 307 634 earo:
326 588 389 648 quod
405 603 464 650 ergo
482 585 547 632 Deua
561 587 656 647 conjuu·
688 601 744 638 esse,
755 586 796 640 abt,
813 587 885 634 vende
901 602 958 648 quac
974 588 1011 634 tilii
1027 599 1151 650 suppetunt.

190 662 226 703 att,
237 652 305 697 lmmo
316 667 347 698 ne
358 652 472 712 sejungat.
687 656 710 694 et
721 649 905 712 depaupen'buu
922 659 945 698 et
961 653 1049 698 habebit
1064 654 1150 698 thescu-

219 719 233 764 ’Ξ
251 713 655 774 DicunteiCurergollloscsman·
688 729 737 759 rum
755 715 778 760 ia
797 714 874 762 coeloe
894 722 917 762 et
934 715 1045 770 adesdmm
1062 733 1151 777 aeqruua

190 777 248 824 davzt
269 779 322 824 dare
343 779 444 824 libellum
464 779 611 832 discessionis,
633 785 656 824 et
688 787 731 823 me.

191 857 238 889 eam
249 843 381 889 dimittere?
720 845 752 887 22
769 842 848 896 Quum
866 841 962 890 audisset
976 851 1050 890 autem
1065 845 1146 892 utute

222 911 236 951 8
253 906 318 952 Dicit
329 907 368 961 eis,
380 906 460 952 Moses
468 922 509 967 pro
516 902 597 954 duruit
604 921 655 952 cor·
688 920 741 952 cena
752 906 789 952 ille
800 907 859 952 hunc
871 921 1003 962 sermonem,
1020 909 1072 954 abiit
1084 911 1148 958 tristi·

187 970 224 1018 lis
234 971 302 1016 nestri
313 971 416 1032 permisit
424 971 487 1016 vobis
493 971 604 1016 dimittere
612 985 655 1016 ux-
688 967 719 1015 tid
730 969 821 1016 affectus
827 987 836 1028 ;
853 972 945 1018 habebat
955 973 1014 1018 euim
1025 973 1084 1019 hona
1094 973 1139 1022 mu

193 1050 240 1080 oreo
258 1042 359 1081 vestras:
387 1031 500 1081 cuetcrrim
517 1050 531 1081 u
549 1034 656 1096 principie
690 1043 720 1080 ta.

194 1111 236 1144 arm
246 1097 289 1144 luit
299 1099 337 1146 ita.
723 1101 755 1143 2³
778 1096 846 1145 Jesua
867 1111 942 1144 autem
966 1100 1022 1146 dixit
1042 1101 1096 1148 disci
1116 1101 1152 1149 ilis

224 1167 239 1209 9
258 1161 321 1209 Dico
339 1171 414 1210 eutem
433 1163 502 1217 vobio
522 1162 658 1223 Quicunque
691 1161 743 1215 suia,
756 1161 831 1208 Amen
842 1162 892 1208 dico
906 1164 976 1216 vobis,
987 1165 1049 1210 dives
1060 1165 1089 1210 dit
1119 1166 1140 1214 ul

194 1226 298 1272 tmisen't
308 1241 402 1273 uxorem
420 1243 489 1281 auam,
502 1227 543 1273 uisi
556 1227 585 1273 ob
595 1241 657 1272 acor·
691 1234 726 1272 ter
736 1225 835 1272 introibit
846 1226 868 1272 in
881 1241 975 1286 reguum
986 1227 1105 1275 coelorum.

194 1291 304 1344 tationem,
321 1298 345 1336 et
360 1291 426 1337 aliam
442 1291 536 1346 duxerit,
553 1291 657 1337 moeclia-
723 1293 755 1335 24
772 1289 871 1336 Rursum
883 1287 937 1337 verd
948 1291 1075 1346 dicovobla,
1088 1291 1149 1341 Faci-

194 1364 244 1410 tar5
260 1361 284 1400 et
301 1355 339 1415 qui
356 1355 469 1402 dimissam
485 1355 580 1409 duxerit,
594 1369 657 1401 moe
689 1353 732 1400 lius
751 1363 785 1400 est
802 1354 911 1402 carnelum
929 1371 968 1416 per
985 1355 1086 1402 foramen
1102 1359 1154 1406 acta

192 1419 276 1466 ehatrrr.
691 1418 790 1472 transire,
812 1415 879 1478 quim
901 1419 991 1466 divitem
1013 1421 1036 1466 in
1059 1437 1152 1484 regnum

226 1486 256 1528 10
273 1481 362 1528 Dicunt
372 1483 392 1529 ei
404 1483 503 1544 discipuli
516 1484 570 1545 ojus,
581 1483 604 1529 Si
614 1484 657 1531 tale
693 1481 736 1528 Dei
748 1483 847 1528 introire.

192 1553 226 1592 est
237 1548 353 1608 negotium
364 1547 519 1594 homiuiscum
526 1562 603 1602 uxore,
611 1561 655 1594 uon
721 1550 752 1594 25
770 1549 816 1594 His
823 1555 897 1593 autem
906 1548 991 1599 auditis.
999 1549 1098 1610 discipuli
1106 1551 1154 1611 ejut

192 1611 280 1671 expedit
291 1626 385 1658 uxorem
397 1611 484 1658 ducere.
689 1611 781 1672 perculsi
801 1620 853 1657 sunt
875 1611 945 1664 valde,
968 1613 1072 1668 diceutes,
1096 1615 1155 1668 Qui·

226 1678 252 1720 ll
272 1673 326 1736 Ipse
335 1673 390 1722 γετὰ
402 1674 458 1721 dixit
463 1676 502 1729 eia,
512 1674 567 1722 Non
579 1690 656 1721 omnes
688 1691 743 1736 ergo
753 1682 826 1736 potest
838 1675 939 1722 acm'uri?

191 1747 243 1784 aunt
262 1754 354 1800 capaces
373 1740 439 1801 hujus
454 1740 569 1794 sermonis,
583 1739 622 1785 aed
637 1741 657 1785 εἳ
721 1744 753 1786 26
769 1738 868 1786 Intuitur
879 1749 952 1785 autem
969 1756 1004 1786 eos
1021 1739 1089 1790 Jeaux
1100 1741 1155 1788 dixit

191 1803 271 1862 quibus
282 1804 358 1848 datum
369 1811 411 1849 eat.
689 1804 728 1857 eis,
747 1803 814 1863 Apud
834 1803 935 1848 homines
957 1805 999 1850 huc
1020 1805 1154 1866 impossibile

170 1897 184 1912 f
226 1871 256 1912 12
274 1867 332 1912 Sunt
342 1867 403 1914 enim
416 1867 510 1914 eunuchi
522 1867 599 1928 quiex
610 1882 658 1914 ma·
690 1874 741 1922 est3
758 1865 816 1927 apud
828 1866 904 1912 Deum
916 1875 989 1912 autem
999 1869 1074 1914 omnia
1081 1871 1153 1930 posui-

193 1931 232 1976 tris
243 1939 308 1976 utero
324 1932 371 1976 nati
388 1940 440 1978 aunt
456 1933 502 1979 itu:
522 1940 545 1978 et
556 1938 608 1978 aunt
618 1947 658 1980 eu-
690 1931 742 1977 bilia
752 1937 811 1976 tunt.

193 1995 258 2040 nuchi
270 1995 408 2055 quicastrati
423 2003 475 2042 sunt
485 1997 513 2042 ab
523 1996 658 2042 hominiburr
724 1998 754 2040 27
772 1993 837 2040 Tunc
855 1995 990 2056 respondens
1005 1994 1086 2042 Petrus
1100 1997 1155 2044 dixit

192 2067 215 2104 et
227 2071 279 2104 runt
289 2060 385 2105 cunuchi
397 2059 431 2105 cui
441 2061 525 2121 seipsos
536 2057 661 2106 castrimnt
691 2058 718 2113 ei,
739 2058 807 2112 Ecce,
826 2074 867 2104 noo
886 2059 1012 2120 reliquimus
1030 2062 1110 2115 omniu,
1132 2071 1155 2109 et

194 2130 284 2184 propter
295 2139 391 2185 regnum
404 2124 524 2172 coelorum.
559 2123 606 2178 Qut
617 2140 658 2186 po·
691 2123 776 2183 sequuti
789 2131 911 2170 sumuste:
931 2125 983 2184 quid
994 2141 1049 2187 ergo
1059 2126 1102 2172 crit
1113 2142 1143 2173 no

195 2193 238 2232 test
247 2202 316 2248 capax
327 2203 377 2234 ease
388 2187 456 2248 liujus
466 2189 507 2242 rei,
520 2189 598 2249 capiat.
690 2187 741 2234 bis?

228 2254 257 2296 1³
273 2251 367 2312 unnc
378 2252 444 2298 oblati
461 2259 514 2298 aunt
528 2253 548 2298 ci
564 2251 657 2314 pucnili,
721 2255 753 2297 28
769 2250 836 2299 Jecur
853 2261 927 2299 autem
946 2253 1002 2299 dixit
1018 2254 1057 2308 eia,
1078 2254 1152 2301 Amen

195 2323 219 2360 ut
232 2329 310 2360 manua
325 2315 352 2360 iis
369 2315 500 2376 imponeret,
516 2324 540 2362 et
555 2331 657 2377 procare·
689 2316 739 2362 dico
750 2315 819 2368 robis,
831 2330 873 2362 roo
886 2317 922 2376 qui
940 2319 1026 2377 sequuti
1042 2319 1096 2364 ertia
1112 2333 1155 2372 me,

196 2386 246 2424 tur:
266 2379 365 2440 discipuli
376 2388 449 2426 autem
459 2378 657 2442 olpurgirunteor.
689 2380 712 2425 in
724 2379 898 2440 regeneratione,
909 2395 977 2439 quum
993 2381 1073 2426 sederit
1086 2381 1156 2428 Filius

230 2446 259 2487 14
275 2442 342 2490 Jesus
353 2450 427 2492 autem
439 2445 476 2497 ait,
489 2444 593 2490 Omittite
603 2444 659 2491 ictos
689 2442 785 2490 hominia
795 2443 819 2488 in
830 2443 911 2488 throno
922 2443 1007 2504 gloriae
1021 2459 1080 2498 auae,
1092 2446 1155 2491 aede*-

197 2507 303 2566 puerulos,
315 2514 338 2552 et
349 2522 378 2553 ne
392 2509 506 2568 prohibete
521 2523 562 2554 eoa
578 2508 606 2554 ad
621 2523 658 2556 mc
689 2507 741 2553 bitis
758 2522 800 2554 vot
817 2506 890 2560 etiam,
910 2507 1013 2566 inquom,
1030 2508 1053 2554 ln
1071 2509 1156 2556 thronia

197 2570 286 2627 renim
302 2571 379 2617 talium
387 2572 488 2618 estenim
500 2587 594 2634 regnum
606 2587 658 2619 coe·
691 2572 813 2627 duodecim
824 2571 950 2634 judicantes
961 2572 1076 2620 duodccim
1088 2575 1156 2621 tribur

197 2633 273 2680 lorum.
692 2635 769 2683 Israel.

231 2701 259 2745 15
271 2698 303 2745 Et
311 2715 379 2760 quum
387 2699 528 2761 imposuisset
535 2701 566 2747 eis
574 2715 659 2756 manua,
724 2705 756 2748 29
773 2699 805 2746 Et
823 2700 921 2762 quisquis
941 2701 1053 2762 reliquerit
1071 2703 1155 2752 domos.

198 2761 306 2823 poiectua
316 2772 351 2810 eat
361 2763 429 2810 illinc.
692 2772 731 2812 aut
747 2765 833 2820 fratrea,
844 2773 883 2812 aut
899 2782 992 2821 sorores,
1009 2774 1048 2813 aut
1063 2775 1153 2828 patrem,

232 2830 260 2873 16
282 2831 299 2888 1
310 2827 349 2881 Et,
368 2843 426 2883 ecce,
446 2829 534 2889 quidam
554 2830 661 2876 accedens
693 2837 731 2876 aut
742 2839 842 2883 matrem,
854 2838 892 2876 aut
903 2845 1003 2885 uxorem,
1015 2839 1054 2877 aut
1068 2832 1154 2886 liberor,

198 2890 248 2936 dicit
258 2890 285 2945 ci,
303 2890 393 2938 Ductor
408 2894 473 2947 bone,
490 2893 543 2954 quid
558 2895 610 2940 boni
627 2894 660 2940 ia·
693 2902 731 2940 aut
741 2909 815 2956 egros,
824 2891 901 2940 causei
910 2895 1006 2941 nominis
1017 2895 1067 2948 mci,
1077 2903 1155 2941 centu·

198 2955 258 3007 riam
270 2963 295 3001 ut
305 2957 397 3002 habeam
408 2956 476 3003 vitam
488 2958 619 3004 aeteruum?
693 2959 756 3019 plicia
764 2958 862 3019 accipiet,
871 2966 893 3004 et
902 2958 970 3004 vitam
982 2966 1094 3005 aeternam
1104 2959 1154 3004 lrao·

232 3022 259 3066 17
277 3017 661 3088 lpseverddixiteiCurmedicia
694 3022 985 3082 feditatisjurepossidebit.
1166 3071 1176 3087 ¹

199 3084 297 3130 honum?
314 3083 388 3130 nullus
404 3093 439 3131 est
452 3086 530 3141 bonus,
542 3086 583 3132 uisi
596 3102 660 3141 unus,
724 3091 758 3131 30
775 3085 844 3130 Multi
855 3092 929 3130 autem
945 3084 1009 3146 primi
1026 3090 1091 3130 crunt
1105 3083 1151 3130 ulti

200 3162 275 3206 nerum
286 3145 359 3194 Deua.
393 3149 418 3195 Si
429 3150 463 3196 vis
470 3151 661 3197 autemadvitum
694 3149 730 3202 mi,
742 3154 765 3194 et
776 3147 846 3194 ultimi
857 3147 928 3209 priori.

199 3210 288 3273 ingredi,
299 3214 484 3261 cervamandatu

231 3278 259 3321 18
276 3275 341 3322 Dicit
356 3277 383 3330 ei,
402 3276 488 3331 Quae?
504 3277 572 3327 Jesua
585 3286 659 3325 autem
848 3273 922 3325 cAP.
946 3275 1004 3322 XX.

199 3339 257 3394 dixit,
267 3339 322 3394 Non
332 3341 426 3396 occides,
436 3342 491 3388 Non
502 3343 659 3396 moechaberis,
737 3338 840 3388 IllllLE
852 3341 911 3388 euim
926 3348 961 3387 est
977 3353 1071 3402 regnum
1083 3342 1146 3390 coelo

201 3401 251 3450 uon
262 3403 374 3456 furaberis.
385 3405 439 3452 Non
448 3407 510 3452 dices
521 3405 601 3452 salsum
613 3413 658 3454 tes·
768 3421 817 3452 rum
829 3403 984 3467 patrifamilitio,
995 3405 1032 3466 qui
1043 3403 1097 3452 exiit
1108 3419 1152 3454 rua

198 3468 327 3524 *monium
693 3467 764 3531 primi
774 3471 823 3516 luce
834 3471 862 3516 ad
872 3469 1028 3516 conducendos
1041 3472 1152 3531 operario·

231 3533 260 3580 19
278 3531 375 3578 Honora
384 3541 469 3594 patrem
478 3541 616 3591 etmatrem;
630 3544 660 3590 et,
693 3550 749 3596 quor
759 3535 857 3580 mitteret
868 3534 891 3578 irr
903 3535 990 3580 vineam
1001 3549 1070 3581 suan.

200 3595 287 3657 Diliges
298 3597 425 3656 proximum
436 3605 499 3644 tuum
511 3605 536 3644 ut
546 3599 648 3660 teipsum.
726 3602 742 3643 2
760 3598 926 3644 Pactusautem
938 3613 989 3644 cum
1000 3597 1104 3659 operariis
1120 3599 1149 3646 do

228 3664 261 3706 20
278 3659 342 3706 Dicit
352 3660 372 3705 ei
384 3661 512 3709 adolescens
523 3661 566 3716 ille,
579 3662 662 3710 Omnia
694 3663 756 3708 uario
775 3662 798 3707 iu
816 3661 881 3715 diem,
898 3662 958 3708 misit
974 3677 1014 3708 eoa
1029 3663 1052 3708 in
1072 3663 1157 3710 vineata

199 3729 250 3770 tom
261 3725 376 3770 obsonari
389 3726 524 3786 ajuventute
533 3724 598 3775 meir
617 3743 661 3790 quo
696 3741 765 3772 suam.

200 3787 268 3833 nllruc
279 3785 391 3834 deficior?
728 3793 743 3841 3
763 3788 793 3842 Et
816 3803 918 3850 egressus
940 3790 997 3838 circa
1017 3793 1094 3836 irorata
1113 3801 1154 3834 mr-

423 3856 455 3897 ‘2³
