2756 4320
578 412 692 469 ACTA,
715 413 763 460 lx.

186 517 539 572 sermonemDmreveraisunt
548 516 659 564 Hieroso·
689 518 822 564 scenderunt
843 519 907 565 ambo
932 520 955 566 in
980 519 1040 566 illam
1065 535 1145 582 aquam

186 587 277 643 huram,
286 589 310 629 et
317 583 395 629 multia
403 583 462 630 vicis
472 582 658 630 Smradtanorum
691 581 806 643 Philippus
817 582 880 628 arnul
893 593 915 628 et
926 585 1057 640 eunuchus;
1079 594 1102 631 et
1113 587 1146 633 r'llr

187 644 381 708 evangelizarunt
690 646 878 706 baptizaviteum.

221 714 252 756 26
269 713 285 771 1
300 709 406 771 Angelus
423 715 498 756 autem
515 708 608 755 Domini
626 709 660 754 lo·
722 713 754 757 39
771 710 849 763 Quum
867 717 939 756 autem
957 711 1104 757 ascendissent
1119 729 1147 760 ox

187 780 272 832 quutus
282 781 318 819 est
328 773 439 834 Philippo,
452 773 533 826 dicens,
546 773 625 834 Surge,
637 779 659 817 et
691 770 752 832 aquai,
771 773 865 834 Spiritus
878 773 970 818 Domini
983 777 1054 836 rapuit
1065 775 1147 837 Philip

190 838 247 882 vade
259 838 374 882 meridiem
385 852 472 890 versus,
489 837 516 882 ad
528 838 586 882 viam
604 851 659 897 quae
690 851 749 896 pum.
772 853 813 882 neo
829 835 923 896 amplius
942 837 996 882 vidit
1012 853 1062 887 eum
1079 854 1146 885 eunu-

192 899 359 960 Hierosolymis
380 901 495 947 deseendit
518 901 614 955 Gazam,
636 908 659 946 et
690 901 757 946 chus:
777 902 872 962 perrexit
884 902 952 962 igitur
963 902 985 946 in
994 899 1030 947 viai
1038 899 1083 956 sui,
1094 917 1145 964 gau·

190 965 400 1020 quaeestdeserta.
690 963 751 1010 dens

224 1031 255 1073 27
274 1025 298 1073 I
309 1029 378 1088 igitur
386 1027 642 1090 surgens-proiectusest
649 1043 657 1084 ;
722 1031 755 1073 40
772 1027 887 1088 Philippus
908 1039 982 1074 autem
998 1033 1101 1076 inventus
1118 1040 1153 1079 ut
1236 1085 1238 1091 y

190 1099 215 1136 et
226 1106 286 1144 ecee,
303 1091 391 1151 quidam
410 1091 519 1152 Aethiops
537 1091 658 1145 eunuchus,
691 1089 777 1136 Azoti:
796 1097 819 1136 et
829 1105 949 1152 peragrans
960 1093 1072 1150 regionem
1083 1106 1139 1139 esau

191 1154 300 1214 dynastes
323 1153 439 1202 Candaees
458 1157 548 1216 reginae
562 1155 658 1201 Aethio·
690 1154 799 1214 gelizavit
809 1155 910 1200 omnibus
924 1155 1018 1209 urbibus,
1030 1154 1151 1215 usquedum

192 1233 254 1278 pum,
275 1219 313 1278 qui
339 1226 439 1279 praeerat
466 1220 574 1265 universis
601 1218 659 1264 illius
690 1218 777 1264 veniret
792 1215 930 1264 Caesaream.
1200 1237 1208 1250 ·

192 1282 266 1341 gazis,
278 1290 368 1329 venerat
381 1281 562 1342 Hierosolymam
579 1283 658 1330 adora·

193 1356 273 1391 turus:
460 1365 461 1368 ¹
851 1342 924 1392 CAP.
946 1343 992 1392 lx.

226 1413 259 1454 28
276 1409 308 1455 Et
320 1411 468 1456 revertebatur
477 1410 555 1456 sedens
563 1410 585 1456 iu
593 1424 659 1456 curru
734 1407 831 1462 AULU
834 1409 850 1455 S
857 1417 929 1454 autem
938 1411 1008 1456 adhue
1017 1410 1101 1471 spirans
1108 1409 1139 1456 mi

193 1487 242 1525 suo,
254 1472 383 1533 legebatque
395 1473 485 1522 Esaiam
496 1475 632 1534 prophetam.
694 1413 731 1525 S
754 1474 930 1519 nasaeoaedem
941 1471 1151 1536 adversdsdiseipu·

226 1540 259 1582 29
276 1536 341 1582 Dixit
351 1543 425 1583 autern
438 1538 532 1598 Spiritus
550 1537 658 1599 Philippo,
690 1534 724 1580 los
744 1535 845 1590 Domini,
864 1538 917 1584 adiit
933 1537 1060 1598 pontificem
1079 1539 1151 1585 maxi·

194 1599 292 1651 Accede,
311 1608 334 1645 et
354 1597 455 1660 proxime
479 1602 606 1664 adjungitur
632 1602 659 1648 ad
690 1613 769 1655 mum;

193 1677 284 1708 currum
296 1663 369 1709 istum.
518 1689 527 1706 0
723 1667 738 1708 2
755 1663 788 1710 Et
797 1663 859 1724 petiit
874 1665 901 1710 ab
916 1680 943 1710 eo
958 1665 1061 1726 epistolas
1074 1665 1151 1728 perse·

225 1731 260 1771 50
277 1726 402 1774 desumere
421 1728 481 1788 gitur
494 1727 607 1788 Philippus
619 1744 658 1774 au·
689 1729 773 1773 render
784 1727 921 1773 Damascum
933 1729 960 1773 ad
971 1743 1110 1789 synagogam
1128 1735 1152 1775 ut

194 1790 252 1835 divit
262 1805 313 1836 eum
324 1791 435 1851 legentem
454 1791 544 1837 Esaiam
562 1793 658 1852 prophe·
689 1791 765 1850 siquos
782 1791 903 1836 invenisset
919 1791 984 1851 hujus
1003 1800 1081 1844 sectae,
1105 1801 1152 1838 tum

194 1861 258 1909 'ram3
275 1861 299 1899 et
308 1855 371 1910 dixit,
383 1855 473 1916 Nempe
483 1855 588 1916 intelligis
603 1871 660 1916 quae
690 1853 751 1899 viros
762 1861 809 1899 tum
820 1854 929 1908 mulieres,
942 1855 1028 1900 vinctos
1036 1855 1152 1902 abduceret

194 1917 272 1978 legis?
692 1915 881 1976 Hierosolymam.

226 1984 256 2026 51
270 1980 346 2028 Atille
352 1983 389 2037 ait,
398 1982 497 2036 Quinam
504 1983 562 2028 enim
568 1983 660 2043 possim,
722 1985 738 2026 3
755 1980 832 2034 Quum
841 1987 915 2026 autem
924 1981 965 2026 iter
973 1979 1060 2035 iaceret,
1069 1981 1152 2028 sactum

194 2043 237 2093 nisl
248 2048 298 2106 quis
307 2048 361 2092 mihi
372 2046 493 2108 praeierit?
510 2047 543 2092 Et
557 2054 659 2108 precatus
690 2051 760 2090 estut
776 2047 960 2106 appropinquaret
977 2045 1104 2092 Damascos
1129 2054 1152 2092 et

193 2119 230 2156 ast
241 2109 368 2172 Philippum
380 2118 405 2156 ut
415 2110 549 2166 aseenderet,
561 2111 658 2156 sederet·
690 2105 781 2169 repente
797 2109 938 2156 circumfudit
956 2125 1007 2156 eum
1027 2117 1052 2156 ut
1070 2111 1150 2172 fulgor.
1242 2133 1246 2141 ¹

194 2189 239 2234 que
246 2189 330 2220 seeum.
690 2172 729 2217 lux
740 2188 753 2218 e
763 2173 833 2218 coelo.

228 2242 260 2282 32
278 2236 353 2283 loeus
365 2245 438 2283 autem
455 2237 576 2298 scripturae
592 2252 658 2297 quem
722 2239 739 2280 4
755 2237 861 2295 thuum
869 2237 1011 2284 cecidissetin
1018 2243 1104 2290 terram,
1111 2251 1150 2282 au·

193 2301 283 2362 legebat
293 2302 329 2347 hio
339 2309 393 2356 erat,
413 2301 447 2348 Ut
465 2302 514 2347 ovis
530 2302 558 2347 ad
574 2309 658 2348 maeta-
690 2299 746 2345 divit
758 2315 836 2345 vocem
845 2301 954 2345 dicentem
963 2301 1009 2354 sibi,
1022 2301 1081 2354 Saut
1092 2301 1151 2356 Saul,

195 2365 279 2410 donem
291 2365 369 2412 ductus
385 2371 434 2410 esta
454 2372 477 2411 et
494 2373 519 2410 ut
533 2380 605 2426 agnus
620 2381 658 2410 oo·
690 2363 742 2423 quid
753 2379 789 2408 me
800 2362 955 2424 persequeris?

195 2443 243 2473 ram
253 2443 293 2474 suo
304 2435 395 2474 tonsore
405 2435 486 2483 mutus,
502 2429 533 2475 ita
544 2444 589 2476 nou
606 2444 659 2490 ape·
723 2430 738 2473 5
755 2426 822 2472 Dixit
832 2434 913 2479 autem,
924 2425 982 2479 Quis
992 2441 1023 2479 es,
1036 2423 1152 2472 Domina?

194 2492 240 2536 ruit
251 2507 360 2538 ossuum.
613 2495 617 2502 '
692 2488 805 2536 Dominus
816 2497 889 2536 autem
900 2490 962 2544 dixit,
980 2489 1033 2550 Ego
1050 2505 1099 2536 sum
1110 2491 1150 2538 Je-

227 2559 260 2600 33
277 2554 304 2601 Iu
316 2556 384 2616 ipsius
400 2555 540 2616 depressione
550 2556 659 2618 judicium
691 2570 801 2614 susquem
811 2562 834 2601 tu
842 2555 991 2615 persequeris:
1010 2553 1150 2616 durumfiie·

194 2619 242 2680 ejus
262 2619 371 2665 sublatum
392 2626 439 2665 ests
465 2619 563 2666 seculum
585 2627 659 2666 autem
690 2621 723 2665 rit
733 2619 770 2664 tibi
782 2626 859 2666 contra
870 2619 970 2664 stimulos
981 2619 1100 2665 calcitrare.

194 2685 242 2743 ejus
253 2683 302 2741 quis
312 2681 439 2729 enarrabit?
455 2684 559 2743 quoniam
576 2684 660 2729 tollitur
723 2687 738 2728 6
758 2685 814 2730 Saul
834 2681 885 2730 vert
907 2690 1004 2730 tremens
1025 2690 1047 2729 et
1083 2700 1151 2730 urens

194 2744 275 2792 eterrd
286 2747 331 2792 vita
341 2748 395 2808 ejus.
691 2746 752 2802 dixit,
770 2747 876 2802 Domine,
892 2747 944 2807 quid
960 2763 996 2794 me
1012 2748 1046 2794 vis
1062 2699 1150 2794 ddrere?

227 2813 260 2854 ³4
277 2809 424 2870 Respondent
451 2816 524 2856 autem
546 2811 660 2857 eunuchus
691 2810 751 2856 Tum
763 2811 877 2858 Dominus
888 2812 981 2866 adeum,
995 2813 1073 2874 Surge,
1085 2821 1107 2858 et
1116 2814 1149 2858 in-

197 2870 300 2934 Philippo
310 2874 373 2930 dixit,
386 2873 494 2934 Rogote,
506 2875 589 2934 dequo
607 2875 660 2921 dicit
690 2876 782 2936 gredere
802 2877 884 2929 urbem,
903 2885 926 2921 et
943 2877 1028 2922 dicetur
1045 2877 1082 2922 tibi
1099 2878 1151 2936 quid

187 2938 255 2982 istud
265 2937 389 2998 propheta?
406 2938 433 2984 de
445 2939 522 2998 seipso,
534 2953 562 2984 an
573 2939 600 2984 de
616 2939 659 2985 alio
690 2946 713 2984 te
723 2947 823 3000 oporteat
833 2939 912 2986 faeere.

194 3001 316 3060 quopiam?
723 3005 737 3049 7
755 3002 805 3048 Viri
818 3011 891 3048 autern
908 3001 945 3053 illi,
961 3001 999 3060 qui
1015 3016 1066 3046 eum
1084 3002 1151 3048 Saulo

227 3067 259 3110 35
270 3064 330 3110 Tum
338 3063 659 3126 Philippusapemitossuum3
690 3066 732 3111 iter
746 3065 860 3118 faciebant,
876 3065 1022 3109 constiterunt
1038 3065 1099 3115 muti,
1112 3081 1151 3112 au·

195 3134 219 3172 et
235 3143 328 3175 exorsus
340 3129 366 3174 ab
377 3127 417 3174 haic
429 3126 542 3190 scripturi,
561 3145 659 3191 evange·
691 3131 775 3175 dientes
786 3127 873 3188 quidem
885 3126 933 3186 ejus
944 3141 1029 3182 vocem,
1041 3128 1151 3174 neminem

195 3191 273 3237 tzavit
283 3191 303 3237 ei
312 3191 398 3238 lesum.
690 3199 764 3239 autem
776 3193 882 3237 videntes.

126 3263 131 3266 '
225 3258 259 3300 36
276 3253 353 3308 Quum
365 3253 418 3302 verd
428 3264 546 3318 pergerent
557 3257 580 3302 iu
594 3257 660 3312 viam,
724 3261 738 3301 8
757 3255 857 3302 Surrexit
873 3261 946 3300 autem
965 3254 1044 3300 Saulus
1054 3269 1067 3300 e
1078 3253 1151 3314 teud3

197 3325 306 3364 venerunt
323 3319 351 3364 ad
372 3320 481 3378 quandam
501 3335 592 3380 aquam:
612 3328 658 3366 tum
691 3320 814 3381 apertisque
825 3319 894 3366 oculis
905 3317 957 3372 suis,
969 3320 1079 3364 neminem
1090 3320 1152 3368 vide.

193 3382 253 3426 artei
263 3383 383 3436 eunuchus,
392 3383 530 3443 Enaquam:
549 3385 659 3446 quidpro·
691 3385 740 3436 bat:
759 3399 826 3429 manu
838 3380 891 3429 verd
907 3383 997 3428 ductum
1014 3397 1065 3428 eum
1082 3383 1153 3430 intro·

197 3446 256 3489 hibet
267 3460 304 3490 me
311 3446 437 3506 baptizari?
691 3448 801 3493 duxerunt
813 3446 957 3493 Damascum.

227 3512 259 3553 37
277 3507 344 3555 Dixit
355 3507 408 3556 rerd
421 3509 542 3572 Philippus,
556 3511 659 3557 Sioredis
725 3515 739 3558 9
756 3510 852 3570 Fuitque
871 3511 940 3556 tribus
958 3510 1034 3555 diebus
1053 3524 1098 3556 non
1118 3525 1152 3558 rr.

152 3597 155 3602 -
197 3585 224 3616 ex
233 3573 361 3626 totocorde,
370 3574 427 3618 licet.
462 3574 609 3634 Respondens
617 3591 657 3620 au·
691 3575 786 3627 denset
797 3589 842 3619 non
854 3573 954 3626 eomedit,
967 3588 1037 3633 neque
1048 3573 1107 3619 bibit.

197 3646 241 3680 tem
252 3635 291 3680 itte
301 3636 363 3687 dixit,
373 3635 446 3683 Credo
455 3636 533 3684 Jesum
544 3637 657 3685 Christum
727 3641 757 3682 10
773 3637 830 3682 Erat
845 3646 918 3683 autem
935 3637 1023 3696 quidam
1034 3637 1153 3700 discipulus

198 3711 245 3744 aare
257 3697 336 3744 Filium
348 3700 409 3746 illum
424 3699 475 3746 Dei.
693 3700 805 3754 Damasei,
818 3701 907 3746 nomine
918 3701 1032 3758 Ananiam
1049 3703 1152 3763 adquam

230 3765 260 3806 38
276 3759 390 3823 Jnssitque
401 3765 563 3872 sippRourmmr
582 3779 607 3816 ac
619 3764 657 3812 de·
691 3763 747 3810 dixit
764 3779 803 3828 per
822 3765 928 3818 visionem
951 3764 1075 3818 Dominus
1087 3769 1146 3814 Aru·
