2720 4312
460 387 510 434 AD
528 385 771 443 conossnnsEs,
795 387 828 436 ΙΙ.

189 494 218 536 22
233 487 371 552 incorpore
381 490 422 538 illo
432 490 506 537 camis
516 505 575 544 suae,
587 506 626 551 per
656 505 749 538 cerneus
768 498 869 538 restrum
886 491 993 548 orcham,
1007 499 1031 540 et
1047 495 1112 542 solid

161 559 263 611 sortem
280 561 306 610 ut
317 555 385 602 sistat
396 569 439 600 vos
449 562 544 608 sanctos,
556 561 580 602 et
590 555 625 600 in-
657 561 725 600 tatem
736 557 854 602 vestraein
867 553 981 604 clinnum
992 556 1051 604 flue.

157 617 257 678 culpatos
269 629 292 664 et
303 618 476 680 irreprehensos
485 634 561 664 coram
572 634 612 664 ae:
689 623 705 663 6
723 618 863 680 Sicutigitur
878 621 993 682 accepistis
1008 619 1122 671 (brim

187 685 218 726 23
244 682 361 742 Siquidem
384 683 519 744 permanetis
539 682 563 728 in
584 681 627 727 tide
657 679 736 730 Jesum
748 682 1122 743 Dominumr'taiacormbulatcs

157 742 236 790 fundat
252 755 275 792 ct
292 745 360 800 firmi,
384 761 428 792 uec
449 746 592 792 dimoremini
613 761 627 792 a
690 748 704 793 7
723 745 822 793 Radicati
834 755 857 793 et
867 750 1009 810 superstructi
1020 749 1043 796 iu
1054 765 1088 804 eo,
1097 763 1123 798 ss

156 821 193 868 spe
202 810 312 871 evangelii
323 810 388 870 quod
399 809 497 862 audistis,
508 811 627 868 mugelli,
658 807 781 856 confirmati
798 810 848 864 fide,
865 812 922 858 sicut
938 813 1011 859 edocti
1025 813 1085 866 estis
1097 829 1123 861 a·

156 871 255 931 isqrtarra,
277 873 402 934 praedicati
429 873 490 918 omni
514 882 628 920 creaturae
658 871 781 920 bundantes
791 872 818 920 ei
827 889 879 920 cum
890 875 1010 936 gratiarum
1021 878 1115 924 actione.

158 949 210 994 quae
220 937 339 984 subcoelo
354 943 399 991 est,
415 937 479 998 cujus
494 935 566 983 iactus
577 952 626 982 sum
692 939 706 980 8
724 935 805 982 Videte
823 939 901 998 nequis
920 940 949 984 sit
966 940 1005 999 qui
1025 955 1066 986 ros
1083 941 1122 988 de·

156 1010 197 1059 ego
209 999 293 1046 Paulus
304 1001 425 1056 minister;
658 999 774 1060 praedetur
781 1015 822 1060 per
829 1001 990 1062 philosophiam
1001 1013 1024 1049 et
1034 1003 1121 1050 inanes!

187 1065 218 1108 24
234 1063 282 1118 Qui
300 1080 364 1111 nunc
382 1063 470 1125 gaudeo
486 1064 514 1110 de
530 1063 556 1109 iis
571 1079 627 1123 quac
658 1063 818 1124 deceptionem,
840 1063 962 1110 secuudrlm
978 1066 1121 1114 truditionsrs

122 1183 126 1192 ‚
157 1137 224 1188 penos
233 1143 276 1187 pro
286 1128 360 1182 vobis,
372 1135 396 1174 et
413 1126 514 1187 reliquias
524 1127 626 1174 afflictio·
659 1126 781 1182 homiuum,
792 1125 914 1174 secundhm
932 1129 1042 1176 elementa
1056 1145 1122 1178 uisu
1185 1166 1188 1174 ,

157 1201 207 1238 aum
220 1188 305 1240 Christi
321 1191 422 1238 vicissim
437 1190 515 1252 expleo
526 1191 550 1237 in
561 1205 627 1238 carne
659 1189 688 1244 di.
699 1197 722 1236 et
732 1206 778 1236 non
790 1189 910 1238 secundtlrn
923 1190 1056 1240 Christum:

156 1249 209 1307 noi,
219 1269 262 1316 pro
272 1271 371 1318 corpore
387 1256 461 1318 ipsius.
473 1255 533 1316 quod
543 1262 577 1301 cst
588 1269 626 1302 ec·
691 1258 707 1302 9
723 1254 784 1300 Nam
794 1255 818 1301 in
832 1271 860 1302 eo
876 1255 982 1302 inhabitat
992 1257 1064 1303 omnis
1074 1256 1121 1320 ple·

156 1315 234 1374 nerim
660 1317 738 1364 nitndo
750 1317 848 1366 Deitatis
859 1321 1014 1381 corporaliters

187 1383 217 1428 25
235 1380 309 1446 Cujus
320 1383 430 1432 molesios
440 1382 512 1429 iactus
522 1397 572 1429 sum
582 1382 625 1428 mi-
693 1385 723 1427 10
740 1381 772 1428 Et
782 1383 834 1429 estis
845 1383 867 1430 in
879 1399 906 1429 eo
920 1383 1029 1446 complcti,
1040 1384 1078 1445 qui
1088 1391 1121 1436 en

157 1443 222 1491 nister
233 1461 262 1492 ex
274 1448 442 1510 dispensatione
454 1446 506 1496 Dei.
518 1461 575 1507 quae
585 1447 625 1494 da·
659 1452 725 1506 caput
735 1447 807 1492 omnis
818 1447 901 1508 imperii
912 1461 939 1494 ac
949 1450 1079 1510 potestatis:

157 1513 179 1553 ta
196 1511 296 1558 estmilri
311 1527 369 1574 erga
384 1527 432 1565 vos,
443 1510 472 1558 sd
490 1510 626 1572 implentium
693 1513 719 1555 ll
739 1508 768 1556 Ia
786 1512 914 1571 quostiam
933 1513 1055 1559 circumcisi
1067 1513 1121 1560 estls

158 1569 202 1618 Dei
213 1589 359 1632 sennonem
658 1573 825 1620 circumcisione
838 1590 894 1634 quse
906 1574 935 1629 ¹iit
951 1576 1121 1631 siucmanibus,

187 1640 218 1683 26
235 1640 331 1701 Nempe
349 1639 480 1700 mysterium
499 1637 553 1684 illud
567 1637 626 1698 qnod
657 1652 750 1698 corpore
761 1640 938 1698 peccatiscarnis
948 1647 1016 1686 exuto
1027 1641 1120 1702 percir-

157 1699 310 1749 absconditum
327 1702 370 1749 fuit
386 1718 400 1749 a
418 1702 497 1748 seculis
512 1708 535 1748 et
548 1703 625 1748 aetati·
658 1701 815 1748 cumcisionem
828 1701 925 1748 Christi:

157 1761 202 1816 bus,
213 1781 274 1814 nuuc
285 1775 361 1814 autem
372 1766 504 1829 patefactum
516 1772 551 1812 est
561 1781 624 1812 sanc·
693 1768 722 1810 12
739 1763 869 1824 Consepulti
881 1780 932 1810 cum
943 1781 971 1810 eo
985 1781 1024 1827 per
1037 1765 1119 1826 baptis·

158 1827 185 1872 tis
193 1830 246 1888 ejus,
658 1841 726 1881 mum,
738 1843 777 1887 per
787 1843 853 1887 quem
870 1829 934 1872 etiam
950 1843 1001 1874 cum
1012 1845 1039 1874 eo
1049 1829 1120 1876 rusci·

189 1896 219 1938 27
237 1893 326 1948 Quibus
339 1893 409 1940 uoluit
423 1892 488 1939 Deus
502 1900 580 1938 notum
591 1891 625 1938 fa·
658 1893 697 1936 tati
708 1891 760 1936 estis
776 1890 890 1951 perfidem
907 1890 952 1936 Dei
969 1891 1086 1938 efficaciter
1096 1908 1120 1938 a·

128 1980 131 1986 ’
158 1967 206 2000 sere
220 1972 279 2017 qnae
296 1957 342 2004 sint
361 1957 412 2004 illae
428 1957 518 2002 divitiae
532 1955 625 2016 gloriosi
657 1955 737 2015 gentis,
757 1956 794 2016 qui
814 1953 928 2001 suscitavit
946 1969 998 2000 eum
1014 1969 1043 2001 ex
1058 1969 1119 2002 mor·

158 2017 221 2079 hujus
240 2023 341 2082 mysterii
356 2022 414 2066 inter
430 2028 516 2082 gentes,
536 2020 573 2080 qui
590 2027 626 2066 est
657 2019 708 2064 tuis.

160 2078 262 2132 Christus
273 2085 332 2132 inter
342 2100 391 2138 voa,
403 2099 453 2146 spes
464 2084 501 2130 illa
510 2084 612 2145 gloriaet
692 2087 721 2130 13
738 2081 831 2144 Vosque
840 2089 940 2129 mortuos
951 2083 973 2129 in
988 2084 1082 2145 peccatis
1097 2091 1120 2131 et

189 2150 220 2192 28
238 2149 313 2202 Quem
326 2148 539 2202 nosannunciamus,
547 2147 624 2193 admo-
657 2147 770 2208 praeputio
781 2148 852 2194 caruis
865 2155 958 2201 vestrae,
975 2163 1025 2194 cum
1042 2163 1069 2194 eo
1085 2149 1120 2194 vi·

159 2219 236 2257 nentes
253 2212 487 2273 quosvisetquosvis
499 2211 625 2258 erudientes
657 2210 761 2265 vilicavit,
783 2212 845 2258 vobis
866 2211 996 2258 condonatis
1019 2213 1121 2259 omnihus

159 2275 219 2320 omni
236 2273 349 2337 sapientis,
369 2282 394 2322 ut
412 2275 503 2335 quosvis
522 2275 625 2322 sistamur
657 2275 764 2335 peccaffl:

159 2337 266 2396 periectos
277 2341 300 2387 in
314 2339 405 2388 christo
415 2338 486 2387 Jesur
692 2341 723 2383 14
738 2339 770 2384 At
782 2337 855 2384 deleto
871 2337 929 2397 quod
947 2333 1062 2382 adversum
1079 2353 1121 2384 nos

190 2402 274 2451 send
290 2404 432 2464 quodetiam
449 2403 528 2455 enitor,
548 2401 623 2448 decer·
657 2409 707 2448 erat
726 2402 807 2447 rituum
824 2401 984 2460 chirographo;
1001 2401 1066 2460 quod,
1083 2402 1121 2447 ia·

160 2471 208 2514 tens
219 2466 341 2514 secundrlm
352 2466 503 2514 efficacitatem
520 2466 588 2528 ipsius
598 2481 623 2512 a·
657 2479 734 2524 qaum,
745 2472 792 2510 erat
804 2465 866 2510 nobis
877 2460 964 2510 occulte
979 2465 1120 2518 contrarium,

159 2538 247 2589 gentem
258 2533 282 2578 ia
293 2548 330 2578 me
341 2537 449 2592 potenter.
608 2587 610 2592 Ι
656 2531 707 2638 :ppt
715 2525 769 2575 vero
779 2529 838 2574 cruci
850 2528 940 2574 allixum
954 2544 967 2575 e
982 2529 1055 2574 medio
1071 2543 1120 2576 sur·

667 2607 695 2638 ut
713 2610 720 2640 t
748 2619 750 2624 ·

327 2657 401 2706 cnP.
424 2655 458 2704 Il.
691 2660 720 2705 15
738 2657 770 2704 Et
781 2657 902 2718 exspoliata
912 2655 1002 2718 imperia
1012 2672 1038 2703 tc
1046 2664 1120 2719 potes·

152 2736 161 2758 ··
223 2720 312 2770 ELIM
323 2723 382 2768 enim
394 2737 436 2767 ros
452 2721 507 2766 scire
517 2726 624 2782 quantum
656 2726 713 2767 tates
724 2721 820 2768 traduxit
830 2721 909 2782 palun,
925 2722 1063 2784 triumphatis
1079 2721 1120 2767 illis

253 2794 367 2833 certamen
379 2785 499 2832 sustineam
510 2799 551 2845 pro
562 2784 624 2830 vobis
656 2799 696 2845 per
706 2801 762 2832 eain.

159 2848 216 2894 stila
227 2851 263 2911 qni
274 2857 329 2896 sunt
342 2847 471 2902 Laodiceae,
483 2855 506 2894 et
515 2855 625 2908 quotquot
691 2852 720 2896 16
740 2849 826 2910 Nequis
848 2850 916 2910 igitur
932 2865 972 2896 vos
989 2850 1077 2896 damnet
1093 2847 1120 2896 ob

158 2923 204 2958 non
223 2915 328 2960 viderunt
346 2912 425 2958 faciem
443 2927 515 2958 meam
535 2912 623 2956 incar·
656 2911 729 2958 cibum
740 2913 776 2958 vel
793 2921 877 2973 potum.
894 2919 932 2957 aut
948 2920 1048 2972 respectu
1064 2911 1120 2966 festi,

159 2987 205 3022 ne:
323 3031 327 3037 η
478 2985 483 2988 “
657 2983 696 3021 aut
706 2976 819 3028 novilunii,
831 2981 869 3020 aut
882 2974 1039 3020 Sabbatorums

189 3043 204 3086 2
221 3041 255 3089 Ut
270 3041 445 3088 consolationem
462 3039 569 3100 accipiant
585 3055 624 3084 eo·
650 3045 651 3048 ’
693 3041 721 3086 17
739 3039 866 3092 Quaerunt
877 3037 954 3082 umbra
970 3051 1043 3082 rerum
1059 3035 1120 3082 futu·

158 3115 205 3150 tum
218 3106 293 3158 corda,
305 3105 359 3165 ipsis
375 3103 480 3150 charitate
496 3104 625 3162 compactis,
658 3117 749 3157 rarum3
765 3109 788 3147 at
796 3113 878 3160 corpus
888 3106 921 3144 est
934 3097 1023 3146 Christi.

157 3163 623 3228 stornniopulentiiplenicertiorataein·
693 3169 722 3210 18
739 3164 815 3211 Nemo
835 3159 952 3229 adversim
971 3178 1012 3208 vos
1029 3163 1120 3210 rectoris

158 3230 300 3294 telligentiae,
311 3231 340 3277 aul
355 3247 382 3277 co
400 3230 506 3276 nitionem
525 3231 624 3290 mysterii
658 3237 731 3290 portes
742 3229 782 3274 sibi
791 3223 849 3274 ultrb
857 3234 935 3279 sumat,
944 3225 967 3272 in
976 3225 1120 3273 submissione

159 3287 203 3343 bet
214 3311 241 3341 ac
253 3295 329 3342 Patris
339 3301 363 3340 et
412 3294 473 3339 sistit
658 3292 732 3346 animi,
748 3299 771 3338 et
787 3292 847 3337 cultu
865 3289 1020 3349 Angelorum
1041 3289 1119 3349 pedm

187 3361 204 3406 ὅ
221 3357 250 3405 ln
262 3373 308 3418 quo
326 3365 378 3404 sunt
393 3371 471 3402 omnes
482 3356 577 3402 thesauri
589 3372 623 3403 sa·
658 3355 755 3402 inserens
765 3355 788 3400 in
802 3370 828 3402 ea
845 3368 901 3414 quae
919 3368 964 3398 non
981 3353 1042 3406 vidit,
1053 3360 1074 3398 et
1083 3361 1119 3405 ,te-

159 3420 253 3484 fbntiae
264 3437 290 3469 ac
302 3419 576 3481 cognitionisabsconditi.
658 3415 720 3464 mere
730 3419 820 3465 inflatus
830 3418 901 3463 carnis
913 3431 965 3462 suae
976 3431 1057 3462 sensu:

188 3489 206 3530 4
222 3484 278 3532 Hoc
289 3491 363 3530 autem
373 3482 422 3530 idei
432 3484 488 3534 dico,
501 3489 526 3528 ut
537 3499 566 3529 ne
576 3483 624 3543 quis
693 3485 722 3529 19
739 3482 819 3542 Neque
829 3481 931 3526 obtinens
943 3478 1023 3539 Caput,
1034 3495 1063 3526 ex
1075 3497 1119 3542 quo

157 3546 271 3595 vosfnlsri
279 3547 429 3594 ratiocinando
440 3547 501 3592 fallat
516 3549 625 3594 sermonis
658 3552 730 3593 totum
750 3559 831 3606 corpus
851 3559 891 3604 pet
917 3543 1071 3591 commissuras
1097 3553 1119 3593 et

159 3611 316 3675 probabilitate.
356 3613 359 3618 '
658 3623 777 3669 compages
796 3607 956 3667 snppsrlitatum
975 3613 998 3652 et
1016 3623 1118 3672 compac-

190 3677 206 3722 ⁵
222 3675 275 3721 Etsi
283 3673 342 3720 enim
351 3687 443 3732 corpore
453 3673 536 3724 absum
548 3672 625 3732 spiritu
659 3679 712 3726 tum,
724 3671 823 3732 augescit
834 3669 878 3716 Dei
890 3677 1017 3729 atrgmcutc.

161 3744 233 3784 umen
256 3752 307 3784 sum
332 3736 446 3782 vobiscum
475 3736 574 3796 gaudens
598 3751 624 3783 as
689 3738 721 3780 20
738 3733 822 3795 ltaque,
835 3729 943 3780 si‘mortni
958 3749 1008 3781 cum
1022 3733 1117 3784 Christo.

386 3803 432 3854 221
