2756 4320
537 415 652 472 acra
677 417 761 464 xvir.
839 399 843 408 “

189 526 222 570 85
239 521 291 570 Die
312 529 389 570 autern
409 528 498 576 exorto,
520 530 632 582 praetores
663 521 699 574 do,
722 520 762 568 Isti
782 522 819 583 qui
838 525 897 570 orbis
915 530 1024 571 terrarum
1043 533 1123 573 statuat

161 587 271 632 miserunt
287 586 392 640 viatores,
408 586 447 646 qui
464 585 568 640 dicerent,
586 585 631 631 Di·
663 586 823 640 subverterunt,
835 589 901 634 etiarn
912 589 948 634 bic
958 585 1072 647 adsunt(

162 651 225 697 mitte
236 650 341 696 homines
351 650 408 696 illos.
695 649 793 702 'thros
800 653 887 712 excepit
895 651 980 699 Jason:
999 653 1036 713 qui
1048 668 1125 701 omues

194 718 227 760 36
244 712 400 759 Annunciarit
410 719 631 758 autemcommenta-
663 719 741 758 contra
756 714 844 760 decreta
862 713 964 762 Caesaris
980 715 1069 771 faciunt,
1089 731 1120 763 re

165 778 243 824 nensis
255 777 299 822 bos
316 792 430 822 sermones
448 775 535 831 Paulo;
559 775 631 822 Mire·
662 791 715 836 gem
726 777 793 824 alium
804 779 901 825 dicentes
917 795 972 834 essa
988 795 1068 842 nempe
1084 780 1125 829 Je-

167 848 224 894 runt,
236 841 321 899 inquit,
330 840 434 900 praefecti
444 847 468 885 ut
477 840 629 885 dinrittanrinir
663 854 720 886 sum.

167 918 226 952 nunc
236 904 306 964 igitur
317 903 408 964 egressi,
419 904 450 949 its
461 903 485 948 in
495 917 555 964 pace.
696 907 711 947 8
730 901 906 950 commoverunt
917 913 990 952 autem
1001 908 1086 954 turham
1102 915 1125 954 et

198 971 229 1014 57
249 966 334 1012 Paulus
345 973 419 1012 autent
430 967 487 1012 dixit
496 967 535 1022 eis,
549 964 633 1014 Caesus
664 968 759 1012 mutatis
770 969 912 1028 magistratus
922 971 975 1014 haec
986 970 1106 1024 audientes,

168 1045 209 1078 nos
219 1025 314 1092 publici,
331 1028 413 1075 innoti
425 1027 498 1084 causi,
515 1045 585 1089 quum
601 1030 632 1076 si-
697 1035 712 1077 9
731 1032 779 1082 Qui
788 1038 869 1084 umen,
880 1047 949 1091 quum
960 1033 1012 1078 satis
1028 1035 1124 1094 accepis·

169 1109 219 1141 arus
238 1093 341 1147 Romani,
359 1095 503 1154 conjecerunt
519 1094 542 1138 in
557 1109 632 1140 carce·
664 1100 714 1139 sent
725 1092 985 1150 abJasoneetcaeteris,
997 1097 1125 1144 dimiserunt

168 1173 231 1206 rems
250 1165 273 1203 et
282 1173 340 1202 nunc
348 1157 405 1203 clam
415 1172 456 1203 nos
464 1156 571 1217 ejiciunt?
587 1171 634 1202 non
664 1171 711 1202 eos.

169 1218 282 1286 proiectd;
299 1221 337 1266 sed
346 1221 435 1268 veniant
443 1221 490 1282 ipsi,
497 1229 521 1266 et
528 1236 570 1266 nos
578 1221 633 1267 edu·
698 1224 730 1266 10
746 1219 836 1267 Fratres
846 1218 900 1268 verri
908 1223 981 1269 statim
990 1239 1029 1284 per
1037 1231 1125 1270 noctem

169 1294 229 1332 ant.
666 1282 762 1330 Paulum
784 1285 848 1330 simul
869 1293 892 1332 et
914 1287 982 1333 Silam
1006 1288 1126 1334 eniserunt

195 1353 228 1394 ³8
241 1345 409 1394 Renuncirirunt
416 1355 488 1394 autem
496 1348 633 1408 praetoribus
665 1346 790 1405 Beroeanu
801 1349 837 1410 qui
845 1364 913 1409 quum
921 1351 1068 1405 advenissent,
1077 1352 1125 1398 ive-

157 1412 405 1480 ·viatoresverbaistaz'
419 1413 585 1472 timueruntque
592 1426 633 1458 au·
665 1422 717 1458 runt
727 1412 750 1458 in
762 1429 900 1474 synagogam
911 1413 1054 1462 Judaeorum.

169 1477 215 1522 dito
227 1491 266 1522 eos
277 1475 393 1522 Romanus
403 1491 459 1522 esse
699 1479 724 1522 ll
746 1474 777 1522 lis
788 1485 861 1522 autern
868 1478 904 1538 qui
911 1486 975 1524 erant
981 1478 1123 1526 'lhessalonr-

201 1543 234 1587 39
250 1539 283 1586 Et
294 1540 407 1586 venientes
420 1539 502 1602 precati
518 1545 571 1585 sunt
587 1554 632 1593 eos,
664 1555 703 1585 cac
713 1539 802 1586 fuerunt
811 1542 846 1586 isti
862 1543 1029 1602 generosiores3
1047 1550 1072 1589 nt
1087 1544 1124 1604 qui

164 1611 192 1649 -et
203 1603 295 1649 eductos
313 1602 419 1664 rogitant
436 1609 461 1648 ut
476 1603 634 1664 egrederentur
664 1605 785 1664 receperint
793 1620 918 1651 sennonem
934 1621 984 1652 cum
1001 1612 1062 1652 omni
1078 1609 1124 1654 ala·

169 1682 198 1713 ex
208 1667 269 1712 urbe.
664 1668 746 1721 critate,
755 1669 852 1727 quotidie
861 1678 984 1716 scmtantes
994 1671 1117 1731 Scripturas

201 1735 234 1777 40
250 1731 343 1791 Egressi
354 1729 632 1776 autemecarcereintroi·
664 1745 692 1775 an
703 1732 757 1776 baec
768 1733 798 1777 ita
809 1747 833 1778 se
843 1734 954 1778 baberent.

169 1801 235 1840 erunt
249 1795 278 1840 ad
294 1793 402 1853 Lydiam:
426 1789 633 1848 etrisisiratribus,
699 1797 728 1839 12
745 1795 814 1840 lllulti
825 1796 893 1856 igitur
902 1796 1077 1841 credideruntex
1085 1798 1123 1851 eis,

169 1858 277 1904 consolati
289 1867 339 1904 sunt
350 1873 395 1912 eos,
413 1865 436 1903 et
450 1857 534 1918 egressi
545 1864 597 1904 sunt
607 1873 633 1904 es
663 1863 687 1902 et
699 1858 835 1904 Graecarum
844 1859 960 1904 mulierum
969 1859 1124 1906 bonoratarutn

170 1924 231 1968 urbe.
663 1928 686 1967 et
698 1923 795 1967 virorum
807 1936 852 1966 non
864 1922 934 1982 pauci.

699 1989 729 2031 13
747 1984 858 2032 Utautern
866 1985 1124 2046 cognorerunt'lhessa·

309 2047 383 2096 CAP.
407 2047 492 2096 xv11.
663 2047 787 2095 lonicenses
808 2048 894 2104 Judaei,
917 2049 1017 2096 Berbeae
1037 2066 1125 2112 quoque

208 2112 268 2158 TlN
272 2113 342 2160 ERE
347 2121 421 2159 autern
427 2112 486 2158 facto
491 2128 530 2174 per
538 2111 632 2174 Amphi·
663 2114 820 2160 annunciatum
832 2129 881 2160 esse
891 2129 905 2160 a
917 2113 987 2160 Paulo
999 2131 1123 2162 sermonem

233 2177 294 2238 polin
314 2184 337 2224 et
355 2177 503 2237 Apolloniam,
523 2183 633 2224 venerunt
664 2176 717 2232 Dei,
728 2178 977 2232 veneruntetiamilluc,
988 2180 1125 2227 concitantes

169 2239 358 2294 lbessalonicam,
386 2241 422 2286 ubi
448 2247 497 2286 erat
517 2255 634 2302 synagoga
663 2241 757 2286 turbam.

168 2305 276 2364 quaedam
288 2304 432 2352 ludaeorum.
698 2308 728 2351 14
745 2304 790 2351 Sed
801 2311 854 2350 tunc
865 2304 939 2350 surim
957 2303 1051 2350 Paulum
1068 2306 1124 2352 erni-

202 2372 217 2412 2
236 2367 319 2414 Paulus
331 2365 390 2422 vern,
407 2369 465 2418 sicut
480 2375 632 2422 consueverat,
663 2375 740 2414 serunt
752 2367 836 2421 iratres,
848 2375 873 2413 nt
884 2368 926 2416 iret
936 2367 997 2413 velut
1007 2369 1035 2414 ad
1045 2383 1122 2416 mares

168 2431 270 2476 introivit
286 2432 314 2478 ad
330 2447 375 2485 eos,
395 2439 417 2476 et
434 2446 472 2491 per
488 2432 576 2478 sableta
592 2432 634 2478 tria
665 2432 722 2478 Silas
736 2438 810 2478 autern
826 2438 850 2477 et
865 2430 997 2478 'limotheus
1013 2446 1122 2479 rernanse

169 2495 272 2541 disseruit
281 2511 334 2542 cum
345 2495 377 2541 eis
388 2509 416 2540 ex
429 2494 553 2556 Scripturis,
663 2502 716 2542 runt
726 2495 776 2542 illic.

200 2563 217 2602 5
234 2558 356 2620 Explicans
372 2565 395 2604 et
410 2558 439 2604 ob
456 2558 533 2621 oculos
548 2573 633 2620 ponens
698 2562 727 2606 15
744 2555 856 2613 univers
874 2557 968 2610 Paulum
985 2567 1125 2620 susceperant

168 2623 293 2683 oportuisse
303 2621 417 2670 Christum
426 2621 478 2682 pati,
487 2629 510 2668 et
518 2638 634 2684 resurgere
664 2630 713 2670 tuto
723 2623 773 2668 loco
784 2623 969 2676 constituendum,
986 2624 1124 2674 deduxerunt

74 2741 79 2753 Ι
168 2685 632 2746 amortuis3ethuncJesum,Quemego,
663 2703 714 2734 eum
724 2688 824 2734 Athenas
833 2702 914 2748 unques
931 2694 954 2732 et
962 2698 1052 2749 accepto
1060 2703 1124 2734 man·

168 2751 252 2809 rapuit,
261 2749 372 2796 annuncio
381 2749 450 2804 vobis,
461 2765 510 2796 esse
518 2748 632 2796 Christum
663 2751 715 2797 dato
736 2752 763 2796 ad
786 2752 854 2797 Silam
875 2767 901 2796 ac
923 2751 1073 2806 Timotheum,
1100 2762 1124 2799 ut

168 2813 238 2858 illurn.
663 2812 728 2874 quim
736 2812 840 2862 citissime
848 2817 875 2862 ad
883 2816 954 2877 ipsum
963 2817 1070 2870 venirent,
1078 2817 1122 2862 abi-

168 2929 171 2934 Δ
202 2875 344 2922 4Nonnulli
364 2875 433 2937 igitur
451 2891 528 2922 eorum
549 2877 632 2922 assensi
663 2889 734 2924 erunt

169 2949 228 2994 runt,
239 2940 390 2986 etconsociati
399 2946 451 2986 sunt
460 2939 531 2986 Paulo
538 2948 560 2986 et
568 2940 632 2994 Silae,
698 2947 727 2989 16
746 2942 815 2989 Paulo
835 2939 887 2988 verri
905 2941 1001 2988 Athenis
1018 2942 1067 2987 illos
1084 2955 1124 2987 ex·

168 3011 193 3050 et
205 3004 358 3065 religiosorum
369 3003 507 3049 Graecorum
516 3002 633 3049 multitudo
663 3015 781 3066 spectante,
800 3007 923 3050 irritabatur
940 3005 1028 3064 spiritus
1044 3005 1090 3063 eius
1102 3005 1124 3050 in

170 3082 259 3128 magna,
270 3067 579 3129 etesmulieribusprimariis
588 3083 632 3114 non
664 3070 718 3130 ipso,
734 3083 803 3128 quum
816 3067 954 3127 conspiceret
969 3067 1045 3112 urbem
1061 3067 1124 3112 idriis
1193 3084 1195 3089 ·

170 3145 260 3192 prum,
665 3133 773 3177 refertam.

203 3197 219 3241 5
237 3194 281 3240 Sed
292 3191 374 3240 invidia
384 3193 490 3240 commoti
500 3193 580 3242 ludaei
596 3195 633 3253 qui
699 3198 726 3240 17
745 3193 875 3239 Disserebat
891 3191 959 3252 igitur
974 3190 997 3237 in
1008 3189 1123 3252 synagogi

170 3257 275 3304 brcreduli
287 3264 356 3310 erant,
372 3257 490 3318 asannrptis
506 3258 634 3317 quibusdam
664 3273 715 3304 cum
726 3255 818 3304 Judaeis
827 3263 850 3303 et
862 3256 986 3316 religiosis;
1008 3263 1030 3300 et
1041 3256 1063 3300 in
1075 3256 1123 3300 loro

170 3320 633 3374 circumforan-,isvirissceleratisaotur-
664 3321 761 3382 quotidie
771 3335 822 3366 cunr
833 3318 943 3380 quibusvis
954 3319 1030 3364 obviis.
1060 3320 1065 3332 ‘

171 3382 199 3430 ba
219 3381 303 3437 eoacti,
327 3383 428 3430 lecerunt
449 3391 474 3430 ut
494 3385 573 3430 civitas
597 3391 632 3430 tu·
699 3388 727 3430 18
745 3383 842 3437 Quidam
853 3391 926 3429 autem
937 3397 966 3428 ex
977 3382 1092 3442 Epicureis
1103 3390 1123 3426 ct

172 3447 333 3502 multnaretur;
360 3454 383 3493 et
398 3447 469 3494 adorti
485 3449 576 3494 domum
592 3447 633 3494 Ja·
666 3448 746 3495 Stoicis
778 3447 912 3507 philosophis
944 3445 1123 3490 conflictabantur

173 3511 240 3564 ainis,
257 3511 372 3556 studebant
387 3511 582 3558 eosadduceread
594 3527 633 3572 pc-
665 3527 716 3557 cum
732 3527 774 3556 eo:
798 3517 821 3556 et
836 3511 924 3570 quidam
941 3509 1046 3560 dicebant,
1065 3508 1124 3561 Quid

174 3573 256 3635 pulum.
666 3575 714 3620 vult
724 3573 826 3634 garrulus
837 3574 878 3618 iste
889 3571 980 3618 dicere?
1002 3570 1124 3622 Alii⁷rerd

207 3642 221 3683 6
239 3637 270 3683 Et
287 3652 355 3696 quum
374 3653 420 3684 non
436 3637 573 3684 invenissent
588 3653 634 3690 eos,
667 3636 839 3697 Peregrinarum
862 3637 952 3681 deorum
973 3636 1060 3682 videtur
1085 3649 1122 3682 err·

176 3708 290 3754 traxerunt
305 3699 412 3748 Jaaonsrn
428 3709 451 3748 et
466 3701 573 3760 quosdam
589 3701 634 3748 sra-
666 3701 782 3746 nunciatur
797 3715 861 3746 esser
889 3699 992 3759 quoniam
1009 3698 1087 3747 ‚lesum
1102 3707 1124 3745 et

177 3773 222 3810 tres
231 3764 258 3809 ad
268 3764 362 3810 civitatis
372 3765 520 3826 magistratus,
537 3763 634 3810 claman-
666 3763 848 3808 resurrectionem
858 3763 911 3826 ipsis
922 3764 1073 3811 armuncialrst·
