2756 4320
629 401 740 458 ACTA,
765 401 822 450 VH.
850 409 854 417 '

241 518 298 556 asset
324 509 347 555 in
376 505 545 570 Mesopotamii,
578 500 704 569 priusquam
736 506 867 572 Aegyptum
874 505 893 566 ;“
902 508 998 570 obiitque
1014 523 1068 572 ipse.
1085 519 1108 556 et
1124 522 1201 572 patres

240 573 345 620 babitaret
358 569 493 619 Charranis:
735 573 815 618 nostri.

271 641 288 682 3
305 636 337 682 Et
348 636 403 682 dixit
413 635 440 688 ci,
459 635 529 681 Eide
545 631 604 680 terrd
620 630 664 688 tui,
681 643 705 680 et
771 640 800 682 16
817 635 849 682 Et
861 635 958 682 translati
970 636 1167 690 sunt‘Sicbcmnm
1178 643 1200 684 st

238 699 413 762 excognatione
423 695 467 751 tuis,
484 706 507 744 et
524 698 573 744 voni
589 699 611 744 in
623 705 703 744 terram
736 700 800 761 positi
824 700 846 745 in
869 709 1014 746 monumento
1036 701 1094 760 quod
1116 716 1193 747 emera

240 778 393 825 quamcunque
404 769 557 808 monstravero
569 762 613 807 tibi.
737 764 876 809 Abrabnrnus
888 764 958 824 pretio
967 765 1052 824 argenti
1062 763 1132 810 aiitiis
1142 765 1201 810 Ern-

272 833 289 874 4
304 827 370 874 Tunc
381 826 434 873 exiit
445 824 525 873 eterra
535 824 704 879 Chaldaeorum,
736 827 888 887 morispmtn's
905 828 1008 873 Sichemi.

240 899 263 938 et
284 891 390 938 babitavit
417 889 554 938 Charranisz
589 895 612 936 et
639 889 705 944 illinc,
771 895 800 938 17
818 891 895 946 Quum
922 900 996 937 nutem
1018 891 1202 952 appropinquaret

241 963 357 1018 postquam
379 962 480 1000 mortuus
501 962 536 1001 est
562 962 624 1015 pater
650 954 705 1015 ejus,
737 959 824 1016 tempus
842 955 993 1016 promissionis
1011 969 1025 1000 a
1044 954 1096 1001 Deo
1113 955 1203 1016 juratae

243 1019 355 1067 transtulit
365 1034 416 1064 eurn
427 1019 494 1064 Deus
504 1018 527 1064 in
543 1024 625 1064 terram
641 1015 705 1072 banc,
738 1018 871 1071 Abrabam,
883 1019 954 1064 crevit
969 1019 1070 1080 populus,
1086 1025 1110 1065 et
1124 1019 1201 1066 multi·

239 1087 265 1130 in
275 1081 320 1145 quai
330 1097 390 1129 nnnc
401 1097 443 1128 vos
453 1082 561 1129 habitatis.
737 1082 831 1144 plicatus
842 1091 876 1128 est
887 1082 910 1128 in
924 1083 1030 1143 Aegypto
1039 1098 1047 1138 ;

274 1147 358 1196 5Nee
379 1147 440 1193 dedit
460 1146 480 1192 ei
502 1145 663 1208 possessionem
682 1145 706 1191 in
772 1150 801 1192 18
820 1145 1202 1206 Usquequoexortusestaiiusrex.

243 1209 275 1267 ssi,
306 1227 335 1258 ne
361 1210 481 1272 vestigium
508 1205 598 1270 quidem
627 1209 711 1270 pedis}
738 1208 832 1270 quinon
845 1208 1079 1272 nmeraitoaephnm.

223 1273 464 1336 ,quamvispoliicitus
475 1282 534 1320 esset
550 1289 574 1320 se
589 1273 649 1320 iiiam
666 1273 705 1319 da·
774 1277 803 1322 ¹9
820 1273 868 1320 Hic
885 1271 992 1320 adverada
1009 1288 1082 1335 genus
1100 1281 1203 1320 noenum

243 1349 318 1386 torum
328 1339 349 1384 ei
360 1338 508 1390 obtinendam.
525 1345 549 1384 et
564 1337 642 1383 senrinr
658 1337 707 1398 ejus
737 1337 874 1400 ingeniosus,
885 1334 944 1384 mule
959 1337 1044 1398 accepit
1059 1347 1132 1398 patres
1149 1352 1200 1383 nos·

244 1412 295 1466 post
312 1418 371 1456 eum,
392 1416 461 1462 quum
481 1416 527 1447 non
546 1401 636 1447 baberet
652 1415 705 1462 pro·
739 1400 853 1456 troandeb
862 1409 887 1448 ut
895 1410 1031 1463 exponerent
1039 1401 1134 1448 infantes
1142 1416 1203 1456 suos,

244 1467 295 1512 iarn.
738 1481 767 1512 ne
778 1466 948 1512 subolescerenc

276 1535 291 1576 6
309 1528 426 1590 Inquutus
443 1535 517 1575 nutem
533 1537 567 1576 est
586 1527 617 1574 ita
634 1527 707 1583 Deua,
771 1534 804 1576 20
820 1530 985 1590 Quotempore
994 1535 1105 1576 natusest
1117 1527 1203 1584 Moses,

246 1593 302 1647 Erit,
318 1595 401 1654 inquit,
415 1607 490 1639 semen
502 1599 565 1638 tuum
576 1592 707 1653 inquilinum
738 1593 776 1654 qui
787 1593 829 1640 suit
843 1591 948 1640 divinitis
962 1601 1075 1646 venustus,
1091 1600 1115 1639 et
1131 1595 1204 1639 nntri-

244 1659 266 1704 in
278 1655 336 1704 terrai
346 1655 423 1710 atiena,
441 1658 476 1703 ubi
493 1656 593 1702 servituti
607 1656 707 1718 subjicie-
739 1665 775 1704 tus
792 1657 835 1704 tuit
851 1665 896 1704 tres
912 1672 1000 1704 menses
1014 1657 1037 1703 in
1052 1657 1119 1704 domo
1135 1659 1205 1718 patris

245 1731 287 1777 tur,
299 1730 321 1769 et
332 1717 390 1768 matt
400 1721 518 1783 accipietur
528 1721 592 1767 annis
603 1721 707 1783 quadrin-
739 1722 781 1768 sui.

244 1787 325 1849 gentis.
772 1789 800 1830 21
820 1785 954 1847 Expositum
965 1793 1039 1831 autem
1050 1785 1111 1831 iilum
1128 1792 1204 1831 sustu·

278 1855 293 1898 7
311 1850 356 1898 Sed
371 1856 462 1912 gentem
481 1849 517 1895 cni
534 1848 651 1896 servierint
666 1863 707 1909 pu·
739 1849 766 1896 lit
775 1848 820 1896 filia
832 1849 960 1905 Pharaonis,
971 1857 995 1895 et
1005 1849 1097 1896 nutrivit
1109 1865 1162 1895 eum
1174 1850 1204 1895 si-

246 1915 305 1962 niam
316 1931 366 1976 ego,
383 1915 436 1961 dicit
447 1913 528 1961 Deus:
552 1921 576 1960 et
589 1913 708 1975 posthaec
738 1913 875 1976 biprotiiio.

246 1981 343 2032 exibunt,
355 1980 401 2038 ipsi
410 1985 433 2024 et
443 1978 540 2024 servient
551 1977 573 2023 in
584 1977 634 2024 loon
645 1977 695 2022 isto.
773 1982 804 2023 22
821 1977 854 2024 Et
872 1976 986 2024 institutus
1002 1983 1037 2023 est
1053 1976 1132 2024 Moses
1143 1991 1204 2024 omni

278 2047 294 2089 8
312 2042 425 2102 Deditque
435 2042 455 2087 ei
466 2040 544 2087 foedus
559 2039 708 2088 circumcisio·
740 2039 847 2103 sapientiai
858 2041 1040 2102 Aegyptiorum
1057 2049 1148 2102 eratque
1163 2055 1205 2103 po-

246 2121 295 2152 nis:
314 2106 379 2152 etita
390 2106 537 2151 Abrnbomua
549 2105 629 2166 genuit
646 2102 708 2149 isaa-
740 2113 790 2152 tens
800 2105 865 2152 dictis
875 2116 898 2153 et
908 2105 978 2152 sactis

246 2186 304 2224 curn,
321 2177 344 2216 et
358 2169 494 2216 circumcidit
504 2183 555 2214 eum
567 2168 602 2214 die
613 2175 709 2224 octavo;
773 2174 805 2215 25
823 2169 857 2216 Ut
868 2166 921 2215 verd
936 2169 1049 2231 expletum
1065 2175 1099 2215 est
1115 2168 1135 2214 ei
1150 2183 1206 2230 qua·

249 2231 338 2280 isaacus
346 2241 420 2280 autern
426 2234 507 2293 genuit
515 2231 630 2284 sanonum,
638 2239 661 2278 et
668 2230 709 2280 Ja·
741 2233 843 2296 druffi‘nta
853 2248 962 2280 annorum
973 2241 1067 2294 tenipus,
1079 2233 1141 2278 venit
1151 2234 1172 2279 ei
1183 2233 1205 2281 in

247 2299 315 2344 cobus
326 2297 441 2344 duodecim
452 2297 502 2342 illos
513 2297 653 2358 patriarchas.
741 2308 838 2344 mentem
850 2297 945 2344 invisere
955 2296 1034 2343 iratres
1043 2312 1095 2343 suos
1102 2295 1160 2343 iiiios
1170 2295 1206 2343 ls-

280 2357 710 2413 9Patriarcbaeverbinvididmotido·
743 2362 813 2408 raelis.

179 2475 183 2495 ἱ
248 2427 340 2488 aspbum
352 2426 497 2473 vendiderunt
513 2426 670 2473 abducendum
687 2424 711 2470 in
775 2429 807 2470 24
823 2424 855 2471 Et
866 2439 934 2485 quum
951 2424 1041 2470 vidisset
1056 2423 1166 2485 quendam
1177 2439 1207 2471 ex

249 2491 394 2552 Aegyptum:
414 2489 511 2537 sederat
522 2488 587 2535 Dens
598 2503 649 2534 cnm
660 2503 694 2534 eo.
742 2490 772 2536 iis
782 2490 839 2536 affici
853 2486 939 2551 injurii,
959 2495 1042 2535 tutatus
1058 2497 1092 2534 est
1107 2503 1167 2542 eum,
1184 2496 1207 2535 et

283 2559 312 2600 lo
328 2554 361 2600 Et
372 2553 487 2600 eruitenm
496 2553 635 2598 exomnibus
644 2551 711 2612 ipsius
741 2569 847 2615 percusso
869 2553 990 2614 Aegyptio,
1012 2552 1132 2598 vindicavit
1155 2568 1207 2599 eum

248 2617 409 2672 afflictionibus,
422 2617 525 2676 deditque
540 2617 562 2662 ei
577 2616 671 2677 gratiam
688 2622 711 2661 et
742 2617 779 2678 qui
792 2618 961 2678 opprimebatur.

249 2682 377 2742 «apientiam
404 2695 480 2726 coram
509 2678 626 2725 Pharaone
657 2693 711 2740 rege
775 2684 806 2727 25
824 2679 1210 2727 Existiniabatautemiratressuos

250 2745 355 2806 aegypti,
371 2743 409 2803 qui
425 2743 540 2788 constituit
550 2757 601 2788 eum
612 2743 710 2803 praefec-
743 2743 872 2806 intelligere,
886 2745 961 2790 Deum
978 2760 1018 2806 per
1033 2759 1123 2790 manum
1138 2744 1209 2804 ipsius

248 2814 296 2854 turn
311 2807 424 2868 Aegypto.
436 2813 459 2852 et
470 2807 510 2852 toti
522 2807 596 2852 domui
609 2821 668 2852 suae.
742 2808 795 2855 dare
806 2809 859 2870 ipsis
875 2809 980 2854 salutern:
999 2816 1023 2854 at
1037 2808 1067 2853 iili
1081 2823 1126 2854 non
1141 2809 1208 2854 intei-

283 2875 309 2917 ll
330 2870 399 2917 Venit
409 2877 483 2917 antem
495 2870 564 2916 sanes
581 2871 604 2916 in
621 2871 710 2916 univer·
743 2872 852 2918 texerunt.

249 2951 295 2982 sain
307 2943 388 2982 terram
400 2934 499 2996 Aegypti
516 2941 539 2980 et
556 2933 669 2986 Chanaan,
689 2942 712 2980 et
776 2940 807 2982 26
825 2937 976 2996 subsequente
987 2932 1041 2982 verd
1057 2935 1091 2982 die
1104 2949 1163 2981 nsus
1174 2945 1210 2981 est

249 3000 339 3047 afflictio
349 3015 447 3061 magna:
471 3007 494 3045 et
510 3013 554 3045 nor
572 2998 712 3044 inveniebant
743 3000 796 3062 ipsis
806 3000 962 3062 pugnantibus,
974 3006 997 3045 et
1007 2999 1114 3060 compulit
1129 3013 1168 3045 eos
1184 2999 1209 3046 in

250 3065 310 3111 cibos
321 3071 394 3126 patres
405 3065 483 3110 nostri.
743 3079 803 3126 pace,
816 3065 898 3116 dicens,
911 3063 967 3117 Viri,
984 3063 1063 3109 iratres
1079 3072 1132 3109 estis
1148 3077 1206 3109 vos.

283 3132 313 3176 12
331 3128 408 3183 Quum
419 3128 538 3174 audivisset
554 3137 627 3172 antem
643 3125 712 3174 Jaco·
744 3143 784 3174 cur
794 3129 829 3175 aiii
840 3128 895 3174 aiios
906 3125 1098 3189 injuriaafficitis?

250 3195 290 3240 bus
308 3208 358 3240 esse
374 3194 471 3239 triticum
488 3193 511 3237 in
523 3191 636 3252 dempto,
653 3191 713 3236 misit
776 3194 807 3240 27
825 3191 849 3239 ls
864 3201 938 3238 autern
954 3191 992 3251 qui
1007 3188 1086 3253 injurii
1101 3189 1209 3238 afficiebat

250 3265 323 3320 patres
334 3264 423 3302 nostros
433 3253 537 3317 primrim.
744 3257 877 3318 proximum,
888 3255 968 3316 repulit
978 3270 1036 3308 eum,
1050 3255 1132 3307 dicens,
1150 3253 1211 3309 Quis

284 3325 314 3366 15
331 3321 363 3366 Et
371 3320 394 3366 in
402 3317 712 3378 secunddprqfectionesgni·
744 3329 767 3366 te
777 3321 841 3366 nobis
851 3319 965 3366 constituit
975 3319 1097 3380 principem
1112 3325 1136 3364 et
1147 3317 1211 3380 ¹iudi·

251 3392 286 3430 tus
297 3391 331 3430 est
341 3383 459 3445 Iosephus,
476 3382 606 3429 aimtrrbus
622 3381 673 3436 suis,
690 3388 714 3428 et
745 3384 813 3430 cem?
1192 3389 1195 3394 '

251 3449 347 3496 innotuit
360 3447 469 3494 Pharaoni
480 3444 663 3508 genusJosephi.
776 3451 807 3493 28
831 3445 894 3494 Nom
916 3453 940 3492 tu
962 3461 999 3492 me
1020 3445 1054 3492 vis
1075 3445 1212 3500 interimere,

284 3511 315 3557 14
332 3508 713 3570 Missisantemnuncs'is,Josepbus
744 3511 928 3571 quemadmodum
948 3510 1078 3556 interemisti
1098 3510 1144 3555 beri
1161 3509 1212 3558 Aa·

251 3575 365 3622 asseravit
373 3583 457 3636 putrem
467 3589 531 3621 snum
540 3573 656 3628 Jacobum,
663 3589 712 3618 om·
743 3575 846 3636 gyptium
857 3573 939 3620 illum?

251 3653 346 3698 nemque
361 3639 518 3699 cognationem
534 3653 604 3692 suam,
616 3639 712 3700 capitum
776 3642 808 3685 29
824 3638 862 3684 Ad
870 3639 929 3684 bunc
936 3645 1009 3684 autem
1019 3651 1144 3683 sermonem
1153 3634 1210 3682 Mn·

173 3735 180 3748 .
252 3701 390 3763 septuaginta
399 3702 503 3762 quinque.
744 3701 855 3764 sesfugit,
866 3701 971 3748 etinctus
988 3713 1023 3748 est
1038 3701 1122 3747 advena
1134 3702 1156 3745 in
1175 3716 1207 3746 rc·

285 3767 314 3810 15
332 3763 537 3872 Descendittppgn
563 3762 661 3812 Jacobus
689 3770 712 3810 tn
743 3765 969 3827 ginneMadian.ubi
981 3762 1198 3828 genuitdnoaiiiios
