2720 4312
405 379 426 420 l.
439 373 490 420 AD
508 372 729 433 CORINTHIOS,
753 377 827 436 xill,
841 381 910 430 XIV.

175 525 182 530 a
204 457 244 525 22Ι
253 477 393 526 Imdmulto
408 476 490 539 potitis,
502 494 558 540 quae
569 479 647 526 viden·
710 485 725 527 4
743 481 845 530 Charitas
861 486 916 532 iram
932 488 1025 542 cohibet,
1045 490 1127 552 benign

53 588 57 596 ,
88 598 92 600 ,
176 551 211 591 tur
220 540 322 601 memma
333 543 436 604 corporis
452 543 601 590 infirmissima
611 559 645 589 es·
676 552 710 591 est
720 547 821 601 charitas.
834 564 878 594 non
888 551 971 597 invidet
982 553 1082 608 charitas,
1095 570 1139 601 oon

176 608 425 662 saneaessariasuntz
507 641 518 650 .
676 610 723 672 agit
734 625 854 671 perperam,
867 629 911 659 noo
922 615 1028 672 inilatur;

210 675 240 716 25
258 671 291 718 Et
302 687 360 732 quae
371 678 477 732 putamus
487 671 586 717 mernbm
596 685 646 716 cor·
709 678 724 719 5
742 674 796 720 Non
812 677 860 737 agit
876 676 984 732 indecori,
997 695 1042 724 non
1055 682 1138 740 quaerit

179 737 238 800 poris
248 731 349 782 maxime
365 751 416 781 esse
432 736 556 788 inhonesta,
567 735 594 780 iis
604 736 646 781 ho·
676 751 732 797 quae
743 753 783 784 sua
798 748 857 793 sunt,
874 755 918 787 non
935 746 1083 798 exacerbatur,
1095 761 1140 792 noo

180 814 256 846 norem
268 799 399 859 ampliorem
406 799 609 858 circumponimus:
624 805 647 844 et
676 802 760 861 cogitat
771 802 870 858 malum

180 871 299 924 quaesunt
310 864 333 907 in
350 863 413 908 nobis
429 863 539 916 indecora,
551 862 645 923 copiosi·
709 869 724 910 6
741 864 796 910 Non
807 867 889 926 gaudet
900 868 1010 930 injustitiis,
1018 870 1138 932 gratulatio

180 941 242 972 oram
251 927 355 972 decorem
367 927 454 971 babent
676 935 750 974 autam
761 929 862 976 veritati:

214 994 246 1034 24
263 989 324 1036 Nam
335 1005 392 1050 quac
403 988 488 1034 suntin
506 987 646 1034 nobisdeco·
710 994 724 1037 7
742 991 824 1038 Omnia
835 993 917 1047 suffert,
925 996 999 1042 omnia
1006 997 1082 1052 credit,
1092 1013 1136 1049 ora·

182 1068 212 1106 ra,
224 1055 254 1100 iis
260 1055 340 1100 decore
349 1069 394 1098 nou
403 1060 436 1098 est
445 1067 514 1113 opas·
535 1053 574 1098 sed
583 1052 647 1097 Deus
677 1054 714 1100 nia
722 1069 801 1115 sperat,
810 1057 885 1102 omnia
895 1057 981 1104 tolerat.

182 1117 357 1178 contemperavit
375 1131 462 1178 corpus,
479 1117 499 1161 ei
518 1117 553 1162 cui
572 1116 647 1162 deerat
710 1122 725 1162 8
743 1117 846 1165 Charitas
859 1135 971 1180 nunquam
988 1123 1083 1168 excidi:
1102 1124 1140 1172 seo

182 1181 507 1243 copiosioretributolronore3
579 1239 580 1242 Ἰ
677 1182 836 1242 etprophetiae
851 1185 1000 1238 abolebuntur,
1013 1192 1036 1232 ει
1052 1186 1141 1248 lirrguaa

215 1249 247 1290 25
266 1243 299 1290 Ut
311 1259 339 1289 ne
350 1245 378 1290 sit
389 1244 502 1289 dissidium
514 1258 536 1288 tn
548 1259 646 1304 corpore,
677 1247 800 1310 cessabunt,
812 1253 834 1291 et
845 1248 924 1294 notitia
934 1249 1060 1296 abolebitur.

183 1307 647 1368 scdmembraitidemcurcutalraproaliis.
711 1315 725 1356 9
743 1309 781 1354 Ex
792 1318 853 1371 parta
869 1312 929 1357 enim
945 1314 1106 1374 cognoscimus,
1119 1321 1141 1362 ct

217 1377 249 1418 26
266 1371 345 1432 Itaque
352 1372 398 1417 sive
408 1372 490 1432 patitur
499 1385 567 1416 unum
576 1385 647 1416 metn-
677 1387 706 1418 ex
717 1381 779 1433 parte
789 1375 951 1435 prophetamus.

184 1437 254 1490 bruta,
270 1435 335 1481 simul
351 1435 426 1481 dolent
442 1435 516 1480 omnia
531 1435 644 1480 membra:
713 1441 742 1482 10
771 1437 892 1498 Postquam
922 1447 995 1488 autem
1029 1441 1140 1489 advenerit

184 1501 231 1546 siue
240 1501 326 1546 honore
336 1499 429 1544 afficitur
437 1513 505 1544 unum
518 1499 647 1551 membrum,
678 1501 737 1560 quod
757 1501 879 1563 perlectum
900 1513 941 1558 est,
963 1512 1016 1551 tunc
1035 1507 1095 1566 quod
1113 1520 1140 1552 cs

184 1563 366 1624 congratulantur
376 1563 454 1609 omnia
462 1563 566 1608 membra.
678 1573 739 1626 parte
750 1574 789 1620 est,
801 1567 928 1613 abolebitur.

217 1631 247 1674 at
265 1627 314 1673 Vos
325 1633 398 1672 autem
412 1626 466 1672 estis
476 1641 556 1687 corpus
569 1623 647 1673 Chris·
714 1631 738 1673 ll
759 1629 835 1682 Quum
847 1647 918 1677 essem
935 1631 1013 1685 inians,
1029 1639 1054 1678 ut
1070 1631 1141 1680 inians

183 1693 208 1745 ti,
219 1698 242 1738 et
252 1692 350 1737 membra
360 1690 514 1751 particulatim.
678 1691 787 1752 lmuebar,
805 1701 829 1739 ut
847 1695 920 1740 infans
939 1697 1054 1756 sapiebam,
1066 1703 1091 1742 ui
1107 1697 1141 1742 in·

217 1759 247 1800 28
260 1750 648 1814 EtaliosquiddmconstituitDeus
678 1756 727 1802 fans
749 1757 907 1802 ratiocinabor:
933 1767 1049 1818 postquam
1068 1768 1141 1804 autem

191 1816 425 1878 aecclesiaprirndm
440 1818 559 1880 apostolos,
570 1818 649 1863 deinde
678 1819 750 1864 sactus
774 1835 823 1864 sum
846 1821 886 1874 vir,
912 1830 937 1866 ut
960 1822 1046 1872 inutilia
1064 1824 1141 1867 sustuli

187 1884 309 1944 propbetas,
331 1879 396 1928 tertid
420 1883 541 1937 doctores;
568 1881 649 1927 deinde
679 1882 916 1944 quaeiniantiseraut.

186 1949 444 2006 constituitpotestates3
461 1945 648 1990 deindedonasa-
714 1950 744 1991 12
761 1945 879 1994 Cernimus
891 1947 949 1992 enim
966 1962 1025 1993 nuuc
1041 1963 1081 2008 per
1091 1963 1141 2010 spe·

187 2011 306 2068 nationum,
326 2009 488 2070 opitulationes,
505 2009 649 2070 gubernatio·
679 2010 754 2056 culum
769 2019 791 2057 et
807 2025 847 2072 per
867 2012 975 2071 aenigma,
993 2017 1046 2057 tuno
1068 2019 1142 2058 autem

187 2089 231 2127 nes,
243 2089 326 2136 genera
336 2075 470 2134 linguarum.
679 2071 754 2120 coram
765 2090 898 2122 cernemus:
917 2090 976 2121 nunc
989 2085 1101 2136 cognosco
1112 2089 1141 2122 ax

218 2144 249 2185 ‘29
272 2138 335 2184 Num
355 2153 434 2183 omnes
455 2135 568 2198 apostoli?
596 2150 649 2180 rrum
680 2148 747 2198 parte,
770 2145 823 2184 tunc
844 2137 898 2185 vord
920 2155 1053 2201 cognoscam
1078 2148 1142 2202 prout

187 2216 263 2248 omnes
277 2201 415 2263 prophetae?
432 2217 485 2246 num
503 2215 580 2246 omnes
596 2200 649 2245 doc·
679 2202 860 2262 cognitusiuero.

187 2265 263 2314 tores?
715 2269 744 2310 ts
761 2265 829 2313 Nunc
846 2263 900 2312 verd
916 2273 990 2311 manet
1007 2265 1066 2320 fides,
1086 2281 1142 2326 spes,

217 2334 250 2375 30
267 2329 329 2374 Num
348 2343 426 2374 ornnes
443 2335 496 2374 sunt
514 2326 651 2388 potestates?
680 2329 780 2382 charitas,
803 2331 845 2374 tria
865 2331 932 2375 haec:
952 2330 1048 2375 maxima
1068 2341 1142 2376 autem

187 2409 238 2439 num
258 2407 336 2438 omnes
355 2393 438 2438 donum
457 2393 536 2438 habent
554 2392 649 2437 sanatio-
685 2393 874 2438 harumcharitas.

187 2457 260 2502 num?
276 2471 330 2502 num
338 2471 417 2502 omnes
424 2453 506 2516 linguis
514 2454 650 2514 loquuntur?

187 2519 530 2581 numomnesinterprctantur?
826 2517 900 2566 CAP.
924 2518 994 2566 xiv.

218 2588 248 2630 ³1
268 2585 312 2630 Sed
331 2585 412 2630 ambite
431 2583 489 2629 dona
505 2583 608 2644 potiora:
628 2589 651 2627 et
724 2581 900 2630 ECTAMINI
917 2585 1052 2636 charitatem,
1064 2584 1144 2632 ambite

187 2645 252 2709 porrd
265 2649 308 2694 iter
323 2649 351 2694 ad
367 2647 519 2694 excellentiam
537 2647 599 2692 robis
615 2646 649 2691 in·
744 2648 877 2708 spiritualim
894 2650 966 2710 magis
975 2657 1048 2695 tamen
1059 2656 1083 2694 ut
1091 2664 1141 2711 pro-

186 2713 268 2774 dicabo.
679 2711 780 2772 phetetis.
1019 2763 1022 2770 ,

610 2789 612 2793 ·
712 2779 727 2820 2
744 2775 804 2822 Nam
821 2775 858 2836 qui
880 2777 976 2838 loqtu‘tur
997 2773 1080 2838 lingui,
1099 2791 1143 2823 non

332 2837 407 2886 CAP.
431 2836 505 2884 Xlll.
679 2839 916 2900 hominibusloquitur‚
928 2843 967 2888 sed
983 2841 1050 2887 Deo:
1070 2840 1142 2886 nullus

230 2901 242 2948 1
258 2903 341 2964 linguis
358 2902 472 2948 hominum
489 2903 565 2962 loquar
576 2908 597 2946 et
608 2915 648 2946 aa·
679 2903 738 2948 enim
747 2905 813 2957 audit,
825 2905 901 2965 spiritu
913 2903 966 2950 verd
975 2905 1071 2964 loquitur
1083 2919 1143 2963 mys·

260 2969 369 3028 gelorunr⁴
379 2967 507 3012 charitatem
519 2973 592 3010 autem
604 2980 649 3010 non
680 2968 740 3014 teria.

187 3032 284 3084 babeam,
296 3030 368 3076 factus
379 3045 428 3075 aum
440 3045 477 3076 aes
488 3043 600 3082 resonans,
612 3035 650 3074 aut
677 3057 682 3066 ·
711 3035 728 3075 3
746 3030 791 3083 Qui
804 3037 877 3075 autem
889 3029 1010 3088 prophetat,
1020 3028 1144 3076 hominibus

186 3095 310 3156 cymlulum
323 3091 437 3139 tinniens.
680 3093 777 3154 loquitur
798 3091 978 3144 aedificationem,
998 3100 1021 3138 et
1039 3093 1142 3138 orthosia·

218 3161 234 3204 2
251 3158 312 3206 Etsi
324 3157 648 3218 habeamprophetiam‚etno·
679 3159 769 3209 tionem,
778 3161 801 3201 et
809 3154 992 3200 consolationem.

187 3223 257 3269 varim
278 3222 385 3281 mysteria
410 3221 496 3274 ornrria,v
518 3233 651 3278 omnemque
711 3215 991 3279 4Quiloquiturlingud
1001 3217 1096 3277 seipsum
1107 3233 1140 3266 aa.

189 3287 294 3340 notitiam,
306 3294 328 3330 et
346 3285 365 3330 ai
382 3285 472 3331 habeam
490 3291 560 3330 totam
577 3282 649 3336 iidem,
679 3283 768 3330 dificats
787 3280 886 3342 quivero
897 3280 1142 3344 prophetatacclesiara

188 3346 281 3396 sictut
300 3357 387 3394 montes
401 3348 537 3401 transferam,
555 3347 650 3392 charita·
679 3346 787 3394 aedificat.

188 3421 231 3458 tcm
244 3420 318 3458 autem
330 3427 374 3457 non
386 3413 483 3464 habeam,
496 3411 550 3456 nihil
560 3425 617 3456 sum.
712 3415 727 3458 5
745 3409 819 3456 Velim
838 3416 912 3455 autem
931 3424 1009 3456 omnes
1028 3423 1069 3454 vos
1084 3407 1145 3470 loqoe

220 3479 236 3520 3
253 3475 286 3521 Et
304 3476 322 3521 si
341 3476 450 3521 insumam
469 3475 553 3522 alendis
574 3474 651 3534 egenis
680 3475 768 3536 linguis,
780 3474 852 3534 magis
868 3484 941 3520 tamen
954 3481 978 3518 ut
994 3473 1145 3534 prophetetis3

190 3541 263 3585 amnia
272 3553 328 3599 quae
340 3539 392 3584 mihi
403 3545 528 3600 suppetunt.
540 3538 592 3584 etsi
604 3543 650 3582 trs·
679 3539 750 3600 major
765 3538 825 3582 enim
841 3546 873 3584 est
890 3537 928 3597 qui
945 3539 1062 3598 prophetat
1079 3535 1144 3598 quim

190 3603 238 3649 dam
248 3617 330 3664 corpus
342 3617 417 3649 meum
429 3611 454 3648 ut
464 3603 585 3654 comburar,
597 3601 650 3646 cha·
680 3603 717 3662 qui
728 3601 825 3660 loquitur
840 3600 930 3661 linguis,
941 3607 1034 3662 excepto
1046 3603 1064 3648 si
1076 3601 1144 3648 inter·

190 3674 275 3714 ritatem
285 3673 359 3713 autem
374 3681 420 3713 nou
437 3666 535 3719 halream,
545 3667 587 3711 too
598 3663 652 3710 nihil
679 3671 784 3726 pretatur,
809 3671 834 3710 ut
856 3664 949 3711 ecclesia
971 3663 1142 3713 aedificationem

191 3731 360 3792 ruiiriprodest.¹
381 3759 383 3764 ,
491 3743 493 3746 ·
617 3774 623 3779 ,
680 3727 778 3783 accipiat.

401 3793 441 3840 tat
