2756 4320
366 341 548 434 uersibus
567 383 673 434 PAULI
690 385 740 432 AD
757 385 933 440 ROMANOb',
958 387 977 430 l.

229 490 260 534 25
278 487 358 540 Quum
368 495 443 534 sutem
454 489 512 535 inter
522 489 666 536 sediscordes
729 494 760 537 28
777 489 865 538 Notum
875 507 930 553 ergo
946 492 974 537 sit
990 493 1059 545 vobis,
1071 494 1157 540 missum

190 557 279 603 essent,
288 551 382 611 digressi
394 559 447 598 sunt
457 560 574 613 postquam
583 553 666 600 Paulus
696 570 745 601 esse
763 556 867 616 gentibus
882 555 939 602 hene
957 555 1003 602 Dei
1021 555 1120 612 euntem,
1136 565 1156 604 et

197 615 240 660 soc
251 615 344 660 verbum
355 615 454 669 dixisset,
467 613 540 662 Recte
551 612 605 662 sane
615 618 664 678 Spi·
697 619 756 680 ipsos
767 621 885 666 sortituros,

197 677 253 722 ritus
265 677 361 724 Sanetus
371 679 477 738 loquutus
485 687 520 725 est
527 696 566 741 per
576 680 665 727 Esaiam
730 686 761 730 29
778 683 854 735 Quum
865 699 920 744 ergo
931 683 985 730 isaeo
1001 683 1098 736 dixisset,
1109 685 1167 730 exi-⁴

197 742 327 802 prophetam
339 743 437 802 patribus
448 744 537 798 nostris,
696 753 762 791 erunt
777 745 862 799 iudaei,
875 747 966 793 multem
982 748 1087 794 hebentes
1102 748 1156 796 inte!

230 809 262 852 26
279 803 374 860 Direns,
387 805 452 852 Vade
467 807 496 852 sii
511 807 616 868 populum
634 823 664 854 rs·
697 825 721 854 se
732 809 918 869 disceptationem.

196 873 252 920 tum,
269 877 293 914 et
310 869 352 922 dic,
367 870 453 916 Auditu
469 871 567 924 audietis,
580 878 602 916 et
619 887 663 918 non
727 877 760 919 30
777 873 863 918 Mansit
871 881 944 920 sutem
955 873 1037 921 Paulus
1045 875 1155 923 biennium

196 932 341 992 muiiigetis3
357 939 381 978 et
397 934 498 979 ridentes
517 935 624 988 videbitis,
641 943 664 982 et
695 941 767 982 totum
782 936 805 982 in
821 938 909 998 proprio
920 939 1045 994 conductu
1061 941 1156 986 etexei-

196 1009 243 1041 uun
254 996 358 1041 cernetis.
695 999 767 1060 piebst
777 1015 855 1046 omnes
866 1001 903 1061 qui
914 1001 942 1047 sd
958 1001 1029 1062 ipsum
1046 1002 1149 1062 ingredia

230 1061 260 1106 27
280 1057 387 1106 Crassum
404 1059 463 1105 enim
477 1059 560 1106 sectum
575 1067 609 1108 est
623 1077 663 1107 oor
694 1063 792 1118 buntur3
1086 1075 1091 1084 ·

198 1122 269 1184 pupuli
283 1124 355 1183 hujus,
367 1129 390 1169 et
405 1124 494 1170 nuribus
508 1125 606 1186 graviter
622 1140 662 1171 su·
726 1129 755 1170 ³1
776 1125 909 1172 Pmedicsns
919 1141 1013 1188 reguum
1021 1125 1074 1180 Dei,
1083 1129 1151 1175 sedo·

199 1185 290 1239 iierum
306 1193 330 1232 et
348 1186 419 1232 oculis
436 1187 482 1232 suis
498 1189 659 1234 conniverunt:
695 1204 748 1234 oeus
768 1203 825 1248 quse
848 1196 901 1236 sunt
924 1190 953 1236 de
976 1189 1078 1236 Domno
1101 1189 1153 1239 Jess

196 1263 225 1296 ue
235 1257 329 1296 eernnnt
340 1250 416 1303 oculis,
426 1257 450 1297 et
465 1252 553 1298 nuribus
565 1252 661 1306 audient,
695 1249 786 1300 Christo
802 1266 854 1298 euin
870 1252 931 1298 omni
950 1253 1034 1302 dicen&
1051 1253 1153 1310 ibertus

198 1319 216 1358 et
228 1313 296 1358 eorde
307 1313 439 1375 intelligent,
450 1321 474 1361 et
484 1322 615 1362 convertunt
626 1330 661 1362 ss-
694 1316 782 1362 nemine
794 1315 928 1380 probibente.

194 1390 223 1435 ss,
236 1383 260 1423 et
270 1391 349 1423 senen
361 1393 406 1424 eos.

342 1751 576 1811 EPISTOLA
604 1751 747 1812 PAULI
772 1751 1008 1811 APOSTOLI

511 1873 574 1930 AD
599 1871 843 1930 ROMANOS.

371 2032 439 2082 CAP
469 2032 489 2081 1.
723 2039 738 2082 9
754 2033 829 2081 Testis
844 2035 903 2081 enim
920 2035 973 2082 mihi
989 2042 1023 2082 ert
1035 2019 1105 2091 Deris
1117 2052 1152 2084 cui

197 2097 373 2212 PAULUS,
384 2113 461 2145 servus
469 2097 524 2148 Jesu
532 2095 622 2151 Christi,
630 2112 659 2144 ex
690 2100 763 2144 servin
774 2099 850 2161 spiritu
866 2115 916 2146 meo
932 2100 955 2145 in
971 2101 1087 2162 er'sngeiio
1102 2100 1151 2150 Fuit

279 2162 585 2223 Deivoestionenpostolus,
595 2177 658 2222 seps·
690 2162 764 2223 ipsius,
786 2179 823 2209 me
843 2164 990 2210 indesinenter
1017 2165 1151 2213 mentionem

195 2233 254 2271 retus
270 2227 299 2271 sd
316 2227 502 2286 medicandum
519 2225 659 2286 evangelium
690 2225 763 2271 ferere
773 2226 857 2283 vestri;

196 2287 247 2342 Dei,
725 2292 755 2334 10
767 2289 886 2349 Semuerin
893 2290 993 2350 precibus
1000 2291 1055 2335 meis
1063 2307 1151 2352 rogeris,

226 2357 241 2397 2
259 2352 341 2415 (Quod
351 2347 404 2398 ante
415 2351 545 2412 promiserat
555 2367 594 2412 per
605 2368 657 2414 pro·
690 2358 715 2397 ut
733 2351 752 2398 si
773 2367 818 2412 quo
838 2353 905 2398 modo
926 2353 1014 2398 tsndem
1035 2353 1151 2414 eiiquando

195 2416 270 2477 phetas
282 2431 334 2462 suos
346 2417 368 2461 in
381 2415 501 2476 Scripturis
512 2414 614 2476 sanctis),
689 2429 818 2476 prosperum
836 2415 877 2460 iter
887 2416 940 2460 mihi
956 2415 1020 2460 detur
1030 2430 1059 2460 ex
1070 2417 1150 2463 voluu-

225 2483 241 2524 ³
259 2479 298 2526 De
315 2479 361 2526 tilio
381 2495 422 2525 suo
441 2479 512 2541 (fecto
529 2494 559 2524 ex
575 2479 659 2526 semine
690 2485 735 2524 tote
747 2478 800 2533 Dei,
811 2478 898 2525 venium
909 2479 937 2524 sd
947 2493 995 2524 vos.

196 2541 297 2596 Davidis,
309 2540 432 2589 seeundum
443 2557 549 2598 csmem3
724 2545 750 2587 il
770 2541 860 2603 Expeto
870 2542 929 2587 enim
936 2542 1011 2588 videre
1018 2555 1065 2595 vos,
1075 2551 1099 2589 ut
1109 2544 1149 2591 sii-

225 2610 241 2651 4
259 2606 380 2652 Decisreto
391 2605 448 2652 Filio
458 2605 502 2651 Dei
515 2613 657 2666 potenterse·
689 2606 749 2666 quod
767 2606 878 2668 impertior
888 2605 949 2651 vobis
965 2605 1048 2652 donum
1062 2609 1147 2670 spiritu·

194 2667 290 2716 cundum
303 2671 410 2731 Spiritum
424 2669 608 2722 sanctificationis,
619 2685 659 2730 per
689 2669 730 2724 oie,
742 2677 767 2716 ut
777 2686 817 2716 vos
828 2669 980 2717 stabiliumini:

196 2737 377 2779 resurrectionem
388 2748 402 2779 n
413 2731 518 2792 mortuis)
527 2748 607 2793 sempe
617 2733 657 2781 ie
724 2737 753 2779 12
770 2733 824 2780 Hoc
834 2741 874 2786 est,
884 2734 911 2779 sd
919 2749 1059 2780 communem
1068 2736 1149 2783 exhor·

194 2811 218 2842 su
231 2795 322 2844 Christo
332 2796 434 2843 Domino
445 2803 529 2842 nostro.
688 2798 793 2844 tutionem
804 2798 963 2858 percipiendam
980 2799 1038 2861 apud
1052 2815 1099 2848 vos.
1111 2816 1150 2862 per

225 2861 317 2922 5(Per
334 2875 400 2921 quem
419 2862 546 2920 accepimus
562 2861 656 2921 grauun
688 2869 786 2908 mutuam
814 2861 886 2916 iidem,
914 2870 1009 2910 vestrum
1037 2863 1102 2908 simui
1126 2879 1147 2910 ει

193 2931 216 2968 et
231 2925 378 2984 spostnistunr
395 2924 423 2970 sd
438 2924 583 2970 obedientiam
599 2924 656 2978 fidei,
688 2940 767 2971 meum.

193 2985 250 3032 inter
266 3003 345 3033 omnes
366 2995 452 3049 gentes,
470 3003 511 3049 pro
530 2987 597 3048 ipsius
614 3003 655 3034 no·
722 2993 752 3032 15
769 2987 845 3033 Nolim
854 2995 927 3032 sutem
937 3003 977 3032 sos
985 2988 1094 3047 ignorare,
1102 2988 1147 3035 iro-

193 3063 264 3096 nune:
688 3059 739 3103 tres.
751 3065 786 3096 me
803 3065 867 3108 saepe
882 3050 1022 3108 proposuisse
1035 3051 1111 3096 venire
1121 3053 1148 3098 sd

225 3117 240 3159 6
258 3111 321 3158 Inter
328 3129 383 3174 quas
390 3114 442 3159 estis
453 3113 518 3159 etiem
528 3129 575 3168 vos,
584 3115 656 3160 voeuti
688 3129 735 3166 vos,
748 3113 798 3173 (sed
809 3112 928 3172 prohibitus
938 3110 970 3155 fui
981 3125 1050 3170 usque
1058 3111 1147 3173 adhue)

193 3189 206 3220 s
218 3175 271 3223 iesu
283 3175 388 3235 Christo)
398 3193 404 3224 ε
686 3183 712 3222 ut
721 3175 817 3220 fructum
829 3174 922 3233 siiquem
934 3174 1035 3218 haberem
1043 3174 1100 3221 inter
1108 3192 1149 3226 ros

228 3241 238 3287 i
257 3239 367 3286 Omnibus
375 3241 412 3300 qui
421 3239 507 3286 Romae
517 3240 576 3293 estis,
587 3239 655 3285 diiee-
687 3252 780 3300 quoque.
792 3238 848 3282 sicut
859 3247 882 3282 et
892 3236 949 3282 inter
960 3237 1053 3296 reliques
1061 3247 1147 3298 gentes.

198 3302 221 3348 in
241 3303 294 3357 Dei,
314 3305 398 3349 vocatis
418 3304 512 3358 emmiu
536 3303 614 3349 Gratis
627 3305 655 3349 sit
722 3306 750 3346 14
768 3301 800 3346 Et
821 3299 913 3347 Graecis
931 3305 954 3344 et
972 3299 1081 3352 Barbaris.
1101 3311 1147 3350 tuin

194 3367 256 3412 roois
266 3375 289 3412 et
299 3381 349 3426 pax,
361 3381 374 3412 n
387 3366 439 3412 Deo
457 3365 524 3412 Putre
540 3373 622 3419 nostro,
633 3373 655 3412 et
687 3365 819 3426 sapientibus
830 3372 877 3410 tum
894 3363 1050 3423 insipientibus,
1064 3364 1142 3413 debito

197 3426 295 3476 Domino
307 3429 362 3477 Jesu
375 3429 472 3478 Christo.
687 3444 743 3476 sum.

226 3495 241 3537 8
267 3490 367 3538 Primum
394 3490 483 3554 quidem
509 3491 592 3552 gratias
613 3507 656 3552 sgo
723 3495 752 3538 15
770 3489 847 3551 Itaque
868 3486 970 3548 quiequid
986 3488 1009 3534 in
1027 3504 1063 3536 me
1081 3492 1147 3540 situm
1170 3514 1173 3522 ⁴

196 3554 248 3602 300
259 3570 309 3602 meo
319 3571 359 3617 per
369 3555 448 3605 Jesum
462 3554 576 3602 Christum
591 3570 656 3615 super
687 3562 727 3606 est.
743 3562 868 3614 promptum
883 3557 918 3596 est
933 3549 961 3595 sd
977 3554 1040 3599 vobis
1053 3570 1146 3616 quoque.

196 3618 295 3665 omnibus
305 3621 374 3674 vobis,
386 3617 444 3680 quud
460 3617 515 3663 tides
530 3625 604 3664 vestre
614 3633 654 3664 on-
687 3619 723 3678 qui
736 3616 822 3662 ibomee
833 3615 892 3666 estis,
903 3615 1110 3675 evangelizandum,

199 3683 311 3729 urne‘etur
321 3683 344 3730 in
355 3691 403 3730 toto
414 3681 504 3727 mundo.
722 3683 750 3725 16
769 3677 822 3724 Non
833 3677 892 3723 enirn
908 3689 944 3720 me
960 3681 1026 3741 pudet
1040 3683 1140 3746 evsnflsir'

419 3745 461 3789 lit
