2756 4320
504 370 558 428 LU
566 369 625 427 CA,
637 371 738 420 XVlll.

170 475 342 529 enimvobis,
359 475 483 522 »iudicabit
500 491 540 522 eos
559 472 611 522 citd.
675 481 707 523 22
722 477 790 526 Jssrs
802 483 861 534 rerd,
872 482 1002 537 hissudstn,
1018 483 1105 532 mutter

146 538 291 588 Versatamen
319 539 393 586 Filius
423 539 523 586 hominis
544 554 612 599 quum
646 539 725 588 Adbuc
736 558 804 590 unum
816 546 854 590 tibi
866 546 945 594 deest:
966 547 1107 608 omniaque

143 606 228 659 tenerit,
245 619 301 651 uum
313 612 445 666 reperturus
461 610 497 649 est
506 602 572 649 iidem
589 604 611 649 in
642 606 709 652 habes
720 607 838 661 venderet
849 610 954 656 distribue
971 612 1108 672 pauperibus,

142 666 215 716 etri?
642 680 666 714 et
682 670 770 717 habebis
790 673 916 718 thesaurum
935 674 958 720 in
980 675 1060 732 coelo;
1084 683 1107 722 et

172 734 213 793 91
226 731 295 778 Dixit
306 738 383 778 autem
394 731 462 776 etiarn
474 730 610 790 qmbusdam,
642 733 753 787 adesdum,
766 749 857 795 sequere
868 753 910 782 me

141 798 175 858 qui
183 797 222 843 sibi
240 802 399 858 persuaserant
420 796 446 840 'se
460 796 538 854 Justos
555 810 610 848 esse,
676 801 707 842 2³
724 798 756 843 At
768 799 809 852 ille,
822 801 855 846 his
867 801 953 854 auditis,
965 801 1029 848 valde
1040 803 1108 850 tristis

141 870 211 922 etpro
226 861 297 906 nihilo
318 860 430 906 habebam
448 859 551 918 reliquos,
570 873 609 920 pa·
642 858 714 906 sactus
724 872 774 918 est;
791 879 842 910 nam
854 865 916 912 dives
925 874 972 911 erat
983 867 1053 912 valde.

142 924 236 972 salrolarn
247 924 331 970 istam:
675 929 707 970 24
719 925 795 979 Quum
803 937 877 973 autern
886 929 977 975 vidisset
983 928 1107 978 Jesuseum

173 993 204 1037 10
222 987 337 1034 Homines
357 987 402 1033 duo
421 985 569 1033 ascenderunt
587 985 610 1032 iu
641 989 705 1035 valde
724 991 810 1036 tristem
831 991 921 1045 iactum,
943 993 1004 1046 dixit,
1034 991 1108 1048 Quin

142 1052 247 1114 templum
259 1059 286 1098 ut
295 1057 456 1112 precarentur;
473 1065 532 1096 uuus
549 1049 609 1097 Pha·
643 1052 732 1098 difficile
750 1053 787 1115 qui
808 1055 913 1115 pecunias
934 1056 1015 1102 lrabeat
1030 1057 1106 1103 introi·

142 1119 229 1170 ris-reus,
241 1123 265 1162 et
276 1117 332 1162 alter
343 1115 481 1176 publicanus.
642 1116 699 1162 bunt
709 1117 732 1162 iu
744 1132 839 1178 regnum
852 1117 912 1165 Dei!

175 1185 201 1227 ll
223 1180 357 1226 Pbarisaeus
374 1179 499 1225 consistens
518 1177 609 1224 seorsim
675 1181 707 1226 ‘35
724 1179 821 1228 Facilius
831 1189 866 1227 est
876 1182 935 1228 enim
947 1183 1055 1230 camelum
1071 1199 1108 1245 per

143 1245 194 1291 irasc
205 1251 309 1305 precatus
319 1249 371 1289 ests
391 1241 464 1296 Deus,
475 1242 557 1302 gratias
566 1257 610 1304 ago
642 1241 743 1290 foramen
751 1245 804 1291 soils
820 1245 919 1300 introire,
936 1244 1002 1308 quim
1019 1248 1109 1295 divitem

143 1310 186 1363 tibi,
198 1306 257 1369 qudd
269 1323 314 1354 non
327 1308 368 1352 sim
380 1313 405 1352 ut
416 1306 493 1366 reliqui
502 1306 610 1360 homines,
642 1307 665 1354 in
675 1323 769 1369 regnam
782 1308 828 1356 Dei
840 1310 929 1357 intrare.

144 1387 237 1434 rapaces,
249 1372 332 1432 injusti,
344 1371 449 1426 moechi;
467 1370 503 1416 vel
511 1370 577 1416 etiam
585 1377 611 1416 ut
675 1376 706 1419 26
724 1372 770 1428 Qui
782 1370 836 1421 verd
847 1375 909 1421 istud
915 1375 1036 1432 audierant,
1045 1376 1096 1424 dias

144 1444 184 1483 asts
193 1437 338 1498 publicanus:
643 1443 701 1490 runt,
714 1435 806 1499 thuis
817 1445 954 1500 potestserv
980 1439 1005 1485 ¹?

176 1505 205 1546 12
221 1499 305 1561 Jejuno
323 1499 357 1545 bis
378 1497 530 1544 hebdomade:
551 1497 610 1544 deci·
675 1503 706 1547 27
724 1499 776 1563 lpse
797 1511 871 1549 autern
892 1504 954 1558 dixit,
1059 1501 1106 1552 ten·

143 1563 610 1687 mtttttttttttlttmm,
642 1568 978 1690 liliiiibiiidhmhi*
995 1568 1106 1631 mm

143 1693 229 1740 nolebat
240 1692 277 1738 vel
288 1692 366 1738 oculos
377 1691 400 1736 in
417 1690 505 1739 coelum
522 1689 609 1736 attolle-
675 1696 705 1738 28
723 1692 789 1739 Dixit
797 1703 870 1741 autern
884 1694 971 1750 Petrus,
982 1695 1051 1750 Ecce,
1065 1711 1108 1742 nos

144 1757 247 1814 re;,sed
273 1756 410 1817 percutiebat
433 1761 512 1815 pectus
538 1769 610 1809 suurn,
643 1755 769 1816 reliquimus
778 1759 1070 1820 omniaetsequutisumus
1078 1769 1106 1805 te.

143 1822 224 1875 dicens,
238 1819 311 1874 Deus,
323 1819 422 1880 piscator
430 1818 484 1863 mihi
492 1818 609 1878 peccatori.
676 1824 708 1867 29
725 1819 776 1881 lpse
787 1819 840 1866 verd
849 1822 904 1867 dixit
915 1823 953 1876 eis,
971 1823 1046 1868 Arnen
1058 1823 1107 1868 dico

176 1889 206 1931 14
223 1884 285 1931 Dico
293 1884 362 1937 vobis,
375 1882 490 1929 descendit
497 1882 539 1927 iste
541 1882 610 1944 justi·
642 1883 711 1939 vobis,
721 1899 787 1930 nemo
798 1886 876 1946 estqui
888 1885 1001 1946 reliquerit
1010 1885 1101 1932 dorum

143 1948 220 1996 ficatus
240 1949 332 1994 domurn
354 1961 417 1993 suam
436 1943 516 2006 potiris
542 1942 609 2006 quim
642 1948 945 2008 eutpareutessutfratres,
962 1957 1101 1996 autuxorem

142 2014 193 2060 ille:
213 2013 265 2074 quia
281 2012 407 2072 quicunque
423 2025 448 2056 se
467 2009 553 2056 extollit
570 2010 609 2056 de-
642 2012 775 2066 sutliberos
787 2013 850 2074 regui
863 2013 909 2060 Dei
920 2010 1004 2068 caussi,

143 2079 256 2139 primetur,
275 2076 352 2137 etqui
371 2091 396 2122 se
417 2074 520 2136 deprimit
536 2074 609 2120 extol·
673 2081 707 2123 ³0
723 2076 769 2132 Qui
781 2093 826 2124 nou
844 2085 972 2140 receptums
989 2078 1018 2125 sit
1032 2077 1105 2124 multr-

144 2143 207 2188 letur.
641 2139 711 2202 plicis,
723 2149 746 2188 et
756 2142 779 2187 in
790 2143 832 2187 hoc
841 2149 947 2204 ternpore,
959 2143 1108 2190 etiosaeculo

177 2208 241 2266 151
263 2203 399 2250 Adfcrebant
419 2207 493 2249 sutem
512 2202 540 2249 sd
558 2217 609 2248 eum
641 2205 810 2258 venturovitam
821 2214 940 2254 aeternam.

143 2271 208 2316 etiarn
217 2269 318 2321 infantes,
331 2279 356 2314 ut
362 2284 402 2314 eos
410 2273 528 2327 tangeret:
541 2282 610 2327 quum
673 2273 703 2314 sl
723 2272 739 2330 1
753 2268 821 2316 Jesus
831 2277 912 2322 autem,
929 2270 1047 2331 assumptis
1063 2271 1106 2316 illis

144 2343 217 2380 autem
234 2335 277 2379 hoc
288 2333 395 2379 vidissent
413 2330 518 2392 discipuli,
536 2331 609 2394 objur-
642 2332 766 2385 duodecim,
777 2332 832 2378 dixit
843 2333 881 2386 eis,
894 2332 962 2386 Ecce,
968 2334 1107 2379 ascendimus

144 2397 225 2460 girant
236 2413 282 2444 eos.
644 2395 833 2456 Hierosolymam,
845 2403 868 2442 et
878 2395 1020 2456 perficientur
1033 2397 1108 2443 omnia

176 2466 206 2509 16
223 2461 291 2510 Jesus
301 2457 355 2507 verd
366 2474 436 2520 qaum
452 2458 556 2520 puerulos
572 2458 611 2505 ad·
643 2476 700 2522 quse
717 2460 798 2520 scripte
817 2469 869 2506 sunt
887 2475 927 2522 per
943 2459 1062 2521 prophetas
1080 2460 1108 2506 de

145 2523 251 2579 sociasset,
263 2526 325 2578 auxit,
339 2525 410 2571 Sinite
421 2524 524 2584 puerulos
535 2523 611 2570 venire
645 2525 704 2572 Filio
713 2523 815 2570 hominis.

144 2591 170 2636 ad
178 2606 221 2644 me,
233 2598 256 2636 et
266 2605 306 2635 eos
319 2604 365 2634 non
385 2587 514 2649 prohibete:
534 2587 610 2634 talium
675 2592 707 2634 ³2
724 2587 835 2635 Tradetur
845 2588 904 2636 enirn
915 2588 1025 2650 gentibus,
1041 2594 1065 2635 et
1080 2588 1109 2634 il·

144 2663 176 2700 est
186 2654 246 2701 enim
259 2669 353 2714 regnum
366 2651 420 2698 Det
643 2653 737 2707 ludetur,
756 2660 780 2699 et
796 2654 935 2700 coutumeliis
952 2653 1066 2709 afficietur,
1084 2666 1107 2700 et

177 2721 205 2766 17
227 2718 302 2764 Arnen
324 2717 374 2762 dico
397 2715 465 2769 vobis,
487 2716 612 2777 quicunque
643 2725 793 2778 conspuetur:

145 2797 188 2829 non
199 2783 312 2842 exceperit
329 2795 423 2842 regnum
442 2779 488 2826 Dei
507 2789 611 2840 tanquam
675 2786 714 2826 53
724 2781 757 2828 Et
786 2790 902 2844 postquam
930 2798 981 2829 eum
1008 2781 1097 2845 flagella

144 2846 255 2908 puenrlus,
273 2859 413 2908 nequaquam
432 2844 532 2890 introibit
543 2844 566 2890 in
583 2844 610 2889 il·
644 2846 722 2900 verint,
745 2847 898 2894 trucidabunt:
926 2848 965 2894 sed
986 2847 1021 2894 die
1043 2849 1108 2894 tertio

144 2910 187 2956 lud.
643 2925 705 2956 resur
735 2917 750 2956 t

177 2978 206 3020 18
224 2972 322 3035 {Tunc
333 2971 479 3033 interrogavit
495 2987 546 3018 eum
561 2971 610 3032 qui·
674 2926 770 3035 54glpsi
793 2970 846 3019 verd
867 2972 923 3018 nihil
940 2973 1020 3018 horum
1042 2972 1109 3018 intel·

144 3038 193 3084 dam
205 3037 384 3098 exprimoribus,
396 3037 478 3089 dicens,
498 3036 612 3098 Magister
642 3037 757 3084 lexerunt:
783 3044 889 3094 erantque
907 3037 951 3081 ista
971 3037 1038 3081 verbs
1056 3036 1109 3096 ipsis

144 3101 206 3156 boue,
223 3101 278 3163 quid
294 3101 396 3147 faciendo
414 3101 482 3146 vitam
498 3109 610 3146 aeternam
642 3101 735 3153 occulta,
754 3114 795 3145 uec
806 3103 961 3158 cognoverunt
976 3113 1032 3157 quae
1050 3099 1110 3145 dice

144 3165 279 3227 possidebo?
643 3165 730 3210 bantur.

177 3233 207 3278 19
224 3229 292 3276 Dixit
303 3236 378 3274 autem
389 3230 409 3274 ei
421 3226 495 3282 Jesus,
514 3225 562 3276 Cur
575 3241 611 3274 me
675 3231 707 3274 35
724 3227 742 3286 1
755 3224 849 3272 Factum
868 3230 903 3271 est
919 3230 994 3270 autern
1012 3230 1038 3270 ut
1055 3225 1106 3272 dum

145 3294 197 3340 licis
207 3292 309 3340 bonum?
327 3293 475 3339 nemobonus
486 3292 528 3338 nisi
545 3306 610 3346 unus,
644 3292 691 3353 ipsc
710 3289 895 3352 appropinquaret
915 3287 1013 3342 Jericho,
1031 3303 1109 3336 caecus

146 3356 421 3468 κᾝκέἳξέἕιῐιηόεῑί·
441 3361 480 3466 Ne
488 3420 604 3465 moechare
644 3356 732 3465 gibbam
752 3355 838 3402 sederet
860 3353 919 3415 md
940 3353 999 3399 Vim
1021 3354 1108 3399 mendi.

415 3454 421 3466 ι
605 3451 611 3474 s
708 3453 713 3466 ι

150 3485 183 3532 *ie
199 3486 304 3538 occidito,
323 3483 361 3530 Ne
379 3484 459 3538 furare,
477 3483 515 3530 Ne
532 3483 612 3530 salsum
677 3488 709 3530 36
727 3482 804 3537 Quum
816 3481 884 3543 igitur
895 3481 1109 3530 isaudissetturbarn

147 3549 298 3597 estimonium
317 3547 390 3602 dicito,
413 3547 511 3595 Honora
527 3554 612 3609 patrem
646 3555 829 3608 praetereuntem,
862 3547 1031 3606 percontabatur
1057 3547 1110 3608 quiri

146 3627 213 3668 urum,
225 3619 249 3658 et
259 3614 354 3658 mairem
365 3620 434 3680 quarn.
646 3613 688 3658 hoc
699 3618 765 3657 esset.

176 3681 204 3723 21
226 3675 270 3722 llle
280 3683 355 3721 autern
372 3675 433 3729 dixit,
453 3673 519 3722 llaec
539 3673 614 3722 omnia
678 3677 709 3722 57
727 3672 897 3720 Nunciavcrunt
908 3673 1011 3720 suune
1029 3671 1109 3726 desum

146 3741 263 3788 observavi
276 3741 415 3800 ajuvcntute
426 3736 482 3786 meti.
647 3737 792 3786 Nazarenum
804 3736 903 3784 transire.

376 3803 406 3846 (il
761 3819 763 3822 ·
