2720 4312
428 355 429 360 ’
489 388 606 438 runnu
622 387 806 437 ammona
846 439 850 450 ,

195 498 211 540 4
226 492 288 542 Nem
305 494 463 554 subrepserunt
479 493 567 554 quidam
584 493 625 539 bo-
657 495 768 548 erraticae,
780 493 857 554 quibus
868 494 940 556 caligo
952 497 1118 545 mma

167 558 240 611 hines,
257 554 318 618 pride
334 557 383 618 jara
403 557 456 602 otim
474 558 577 618 descripti
599 558 626 603 ad
658 566 771 604 aeternum
783 564 920 604 servatsest.

166 626 220 667 tanc
240 621 413 674 damnationem,
435 621 503 681 impii,
525 622 562 680 qui
579 620 627 667 Det
693 625 722 670 14
747 620 890 682 Prophetsvit
911 630 984 668 autem
1006 623 1072 670 etiam
1093 625 1119 672 d:

165 685 233 732 nostri
249 685 344 745 gratiam
361 683 506 730 transierunt·
517 685 545 730 ad
564 685 628 730 lasci·
660 685 707 730 istis
719 685 1080 746 septimusabAdamuEnocbus,
1087 687 1119 736 d·

167 748 229 801 riam,
246 757 269 794 et
285 748 358 794 solum
374 747 436 794 illum
457 748 534 795 berum
553 748 629 794 Deum
660 764 720 803 cens,
732 748 800 803 Ecce,
809 749 870 796 veuit
879 749 992 797 Dominus
1000 765 1121 800 curum

164 825 189 858 sc
200 810 327 858 Dominum
343 818 445 858 nostrum
459 810 538 859 Jesum
551 810 629 860 Chris·
661 813 690 859 tis
700 812 795 858 millibus
806 813 857 866 suis,

165 882 211 922 tum
222 882 313 936 negant.
695 879 724 922 15
754 875 787 922 Ut
814 876 870 922 ierat
886 877 994 938 judicium
1015 874 1121 926 mmuh

195 938 521 986 5Voloautemvosistonrm
529 955 629 985 commo·
661 955 746 994 omues,
767 945 790 986 et
812 939 930 1001 redarguat
949 941 1074 1002 quicunque
1093 956 1121 990 cs

165 1002 272 1057 nefacere,
294 1009 319 1050 ut
340 1005 377 1063 qui
399 1003 468 1050 semel
489 1004 531 1049 boc
548 1003 629 1058 sciatis,
661 1002 714 1064 ipsis
735 1008 787 1050 sunt
808 1003 875 1064 impii,
894 1004 923 1050 de
940 1004 1003 1050 sactis
1021 1006 1123 1053 omnibu

165 1063 297 1121 Dominum,
303 1082 372 1127 quum
383 1067 488 1128 populum
497 1081 527 1112 ex
535 1067 630 1130 Aegyp·
661 1082 718 1127 quae
734 1062 801 1128 impid
814 1065 926 1128 patrarint,
939 1068 1010 1128 deque
1022 1070 1123 1116 omnibus

166 1137 188 1175 to
199 1127 318 1184 liberisset,
330 1146 406 1176 rursus
417 1146 457 1178 eos
472 1131 509 1192 qui
524 1146 569 1177 uon
580 1147 629 1178 cre·
661 1131 722 1176 duris
732 1145 787 1191 quae
798 1129 881 1191 ‚equuti
890 1129 1082 1178 suerintadsersds
1090 1134 1123 1194 ip·

167 1193 245 1240 lebam
255 1194 383 1254 perdidisse.
661 1209 710 1240 sum
721 1201 847 1255 peccatores
857 1194 925 1255 impii.

198 1262 213 1304 6
229 1257 263 1303 Et
284 1258 377 1319 angelos
395 1257 432 1320 qui
452 1273 497 1304 non
514 1253 630 1304 serrdruut
696 1261 725 1304 16
744 1256 776 1303 Hi
785 1267 837 1304 sunt
845 1266 1023 1312 munnuratores,
1032 1259 1123 1319 queruli,

167 1334 228 1366 stram
240 1321 357 1382 originem,
369 1323 409 1368 sed
419 1321 554 1383 reliquerunt
565 1337 630 1368 suum
661 1321 685 1368 iu
705 1321 858 1383 cupiditatibus
873 1324 918 1368 suis
932 1322 1071 1370 incedentes:
1101 1331 1124 1370 et

167 1385 307 1438 domicilium,
319 1384 405 1448 judicio
422 1387 497 1446 magni
514 1385 572 1431 illius
588 1385 630 1432 diei
661 1401 755 1446 quorum
777 1401 803 1432 os
820 1385 916 1446 loquitur
931 1387 1073 1447 praetumida,
1084 1389 1123 1434 sd·

167 1447 259 1496 vinculis
277 1449 374 1496 aeternis
390 1449 430 1496 sub
449 1450 544 1512 caligine
559 1465 629 1496 resm-
662 1449 766 1496 mirantes
776 1464 881 1511 personas
891 1450 990 1496 utilitatis
999 1449 1078 1512 gratii.

167 1508 235 1557 risse
696 1517 725 1560 17
753 1512 803 1560 Vos
823 1521 905 1570 autem,
919 1515 1000 1568 dilecti,
1015 1530 1124 1564 memores

199 1579 213 1622 7
230 1575 294 1622 Sicut
311 1575 409 1622 Sodoma
423 1584 446 1623 et
462 1576 595 1630 Gomorrha,
608 1583 630 1622 et
662 1583 733 1623 estote
754 1578 871 1624 verborum
892 1594 948 1638 quae
964 1580 1073 1640 praedicta
1089 1580 1124 1625 iu·

168 1639 201 1684 bis
210 1637 316 1686 finitimae
327 1639 427 1686 civitates
438 1640 503 1686 simili
519 1640 585 1686 modo
596 1647 630 1686 at·
663 1648 728 1686 erunt
738 1641 765 1686 ab
775 1642 880 1703 apostolis
890 1641 982 1688 Domini
992 1644 1060 1689 nostri
1069 1642 1124 1690 Jesu

167 1718 210 1763 que
219 1703 268 1750 illae
279 1710 395 1758 scortatae,
406 1710 430 1749 et
440 1719 528 1750 carnem
540 1703 631 1749 alteram
665 1701 762 1759 Christi3

168 1774 267 1821 sectatae,
278 1767 405 1828 propositae
415 1775 467 1813 sunt
475 1766 584 1828 exemplo,
595 1766 631 1828 ig·
697 1770 726 1812 ts
745 1765 813 1820 Quod
823 1767 924 1813 uidelicet
936 1767 1039 1812 dixerunt
1056 1769 1124 1823 vobis,

168 1831 202 1876 uis
212 1831 295 1877 aeterni
306 1845 401 1891 poenuu
409 1832 551 1877 sustinentes.
611 1833 613 1838 ’
663 1829 686 1876 iu
697 1837 797 1876 extremo
808 1837 906 1889 tempore
918 1829 1004 1876 futuros
1020 1831 1126 1886 irrisores,

199 1899 220 1946 8,
231 1894 338 1940 Similiter
349 1900 422 1940 tamen
430 1902 454 1941 et
464 1895 500 1940 isti
509 1893 573 1954 sopiti
582 1909 631 1940 car·
663 1893 700 1954 qui
712 1893 734 1940 in
746 1893 818 1956 impiis
834 1894 879 1939 suis
895 1893 1048 1955 cupiditatibus
1064 1894 1125 1942 ince-

169 1973 218 2004 num
229 1955 319 2018 quiddrn
330 1957 438 2019 polluunt,
445 1958 582 2004 dominatum
591 1973 630 2003 ve·
662 1957 746 2004 derent

169 2019 192 2067 τὸ
204 2021 310 2083 rejiciunt,
323 2030 345 2068 et
362 2022 480 2084 dignitates
496 2021 581 2083 probris
596 2021 630 2066 in·
699 2025 728 2070 19
746 2019 778 2066 Hi
791 2026 841 2067 sunt
852 2019 889 2080 qui
906 2020 989 2081 seipsos
1000 2029 1126 2084 segregant,

168 2092 264 2132 cessunt.
664 2084 776 2139 animales,
790 2084 894 2146 Spiritum
907 2099 951 2130 nou
963 2085 1073 2131 babentes.

201 2148 265 2197 sat
282 2147 381 2195 ltfichacl
397 2148 548 2210 archangelus,
565 2163 634 2209 quum
698 2153 729 2196 20
750 2147 799 2194 Vos
817 2156 898 2203 autem,
917 2147 997 2203 dilecti,
1015 2148 1126 2196 sanctissi-

168 2209 272 2259 adversds
288 2213 398 2261 diabolum
414 2221 507 2265 certans
523 2213 631 2273 discepta-
663 2226 713 2258 mae
728 2219 815 2258 vestrae
830 2211 879 2256 tidei
896 2219 1071 2272 superstruentes
1086 2228 1127 2272 ¹sos

169 2285 202 2322 ret
212 2277 240 2322 de
254 2292 348 2338 corpore
363 2276 443 2331 Musis,
455 2291 501 2323 non
515 2291 582 2322 ausus
598 2282 633 2321 est
664 2277 729 2338 ipsos,
741 2290 780 2336 per
792 2274 897 2334 Spiritum
909 2281 1016 2328 sanctum,
1025 2284 1121 2330 orantes,

169 2341 205 2387 tut
214 2341 338 2449 impingere
357 2349 432 2386 nomm
450 2339 578 2394 maledictis,
594 2339 633 2386 scd
697 2343 726 2384 21
746 2337 794 2384 Vos
805 2338 864 2398 ipsos
872 2337 894 2382 in
903 2337 1008 2384 charitate
1018 2337 1063 2384 Dei
1071 2353 1127 2385 con-

168 2404 230 2458 dixit,

202 2472 232 2514 10
248 2467 282 2515 At
293 2467 336 2521 isti,
347 2482 490 2528 quaecunque
506 2481 551 2512 non
562 2481 632 2513 nove·
665 2465 759 2513 Domini
770 2465 839 2512 nostri
850 2462 905 2512 Jesu
922 2462 1005 2512 Christi
1022 2466 1044 2512 in
1060 2467 1128 2512 vitam

169 2539 227 2586 runt,
246 2531 390 2592 vituperant:
416 2546 559 2590 quaecunque
579 2527 633 2575 verd
665 2539 783 2576 aeternnm.

169 2596 303 2649 naturaliter,
315 2603 340 2640 ut
353 2595 474 2640 animantia
490 2593 580 2640 rationis
590 2607 631 2640 ex·
696 2597 727 2638 22
744 2591 777 2638 Et
787 2589 841 2638 aliua
850 2587 944 2650 quiddm,
954 2591 1027 2639 habito
1035 2591 1127 2647 delectu,

169 2661 245 2722 pertin,
257 2659 337 2712 sciunt,
348 2658 371 2703 in
383 2659 409 2704 iis
421 2673 469 2704 sese
480 2665 631 2718 corrumpunt.
664 2655 861 2704 commiseraminis
888 2691 891 2698 ⁴
917 2689 918 2697 ,

203 2726 230 2769 11
250 2723 300 2768 Vae
310 2721 377 2784 ipsis!
394 2737 446 2769 nun
457 2722 516 2768 viam
529 2719 585 2770 Caiu
597 2719 632 2766 in·
696 2725 727 2768 23
744 2720 809 2767 Alios
822 2718 876 2766 verd
892 2729 976 2768 terrore
992 2730 1085 2776 servate,
1101 2735 1130 2768 ex

169 2787 240 2848 gressi
259 2793 318 2840 sunt,
333 2792 357 2832 et
372 2785 501 2845 deceptione
519 2784 632 2838 mercedis,
665 2781 754 2832 flammai
767 2785 888 2846 rapientes:
907 2786 958 2834 odio
974 2787 1078 2834 tuentes
1094 2785 1129 2832 rel

169 2865 213 2910 qua
222 2851 328 2911 deceptus
338 2848 379 2894 suit
391 2848 489 2903 Balaam,
501 2848 564 2894 effusi
575 2855 633 2901 suut,
665 2865 714 2896 eam
732 2849 827 2894 tunicam
838 2863 895 2909 quae
910 2864 924 2895 a
939 2850 1011 2896 carnis
1026 2858 1129 2897 contactu

169 2921 193 2960 et
203 2913 377 2960 contradictione
388 2910 449 2961 Cure
460 2913 578 2972 perierunt.
666 2914 695 2959 sit
705 2912 819 2958 maculata.

204 2981 234 3023 12
252 2977 286 3024 Hi
297 2983 349 3023 sunt
357 2977 380 3023 in
388 2977 465 3037 agapis
473 2975 552 3022 vestris
559 2988 634 3020 macu·
700 2979 730 3020 at
748 2969 866 3021 Caeterdm
875 2973 895 3019 ei
904 2973 941 3032 qui
949 2979 1023 3034 potest
1032 2989 1072 3020 vos
1082 2989 1128 3020 ser·

171 3039 211 3094 lte,
222 3041 277 3088 dum
293 3040 407 3087 vobiscum
421 3039 544 3102 epulantur,
555 3038 636 3096 absque
667 3054 720 3086 vare
731 3053 744 3084 a
754 3037 815 3098 lapsu
827 3035 942 3090 immunes,
958 3043 981 3082 et
997 3044 1092 3084 statuere
1108 3039 1131 3086 in

175 3104 237 3152 allius
257 3111 319 3150 metu
333 3103 417 3164 seipsos
429 3110 551 3166 pascentes,
567 3101 637 3147 nubes
668 3106 788 3164 conspectu
796 3098 880 3160 gloriae
890 3113 943 3146 suae
949 3099 1131 3161 inculpatosetua

173 3163 228 3228 aqud
237 3173 344 3220 eareuoes
355 3167 428 3212 ventis
439 3167 589 3218 circumactae,
601 3179 636 3212 ar·
668 3164 827 3213 emulationes

173 3231 236 3278 bores
254 3230 383 3284 cmucidae,
402 3228 550 3292 infrugiferas,
565 3229 598 3275 bis
612 3244 637 3274 e·
702 3232 732 3276 25
749 3228 779 3274 Id
789 3233 828 3277 est.
840 3223 880 3271 soli
889 3224 980 3288 sapienti
988 3223 1129 3272 DeoServe·

175 3302 280 3348 munuae,
291 3293 427 3350 modicam
669 3293 711 3338 tori
723 3297 805 3344 nostro,
816 3288 889 3351 gloria
898 3297 943 3336 esta
953 3295 977 3334 et
986 3289 1130 3350 magnifican-

208 3361 238 3403 1³
255 3357 337 3404 Undae
350 3357 417 3402 maris
432 3355 540 3410 eti'eratae,
557 3355 637 3416 despu·
670 3357 706 3408 tia,
718 3354 784 3400 robur
799 3360 822 3398 et
837 3358 941 3414 potestas,
958 3358 980 3398 et
997 3365 1056 3398 nunc
1070 3352 1131 3402 su

199 3428 259 3469 artes
271 3434 311 3466 sua
321 3420 417 3481 ipsorum
426 3419 546 3474 dedecora;
563 3418 638 3466 stellae
670 3419 744 3465 omnia
755 3415 834 3463 secula
869 3415 950 3462 Amen.

374 3485 422 3529 273

256 2411 346 2464 ucrepet
357 2411 379 2450 te
389 2402 509 2450 Dominus.
664 2409 758 2455 servate,
784 2407 937 2461 esoepectantes
958 2401 1127 2448 misericordiam
