2720 4312
499 447 517 491 Ι.
530 442 698 492 EPISTOLA
710 441 862 498 JOANNis,
888 441 916 488 V.

229 549 342 599 Christum
353 553 376 597 in
387 565 475 597 carnem
488 550 580 604 venisse,
595 565 624 595 ex
636 547 689 594 Deo
752 550 781 594 17
799 546 844 593 Per
850 547 893 592 hoc
901 547 1033 608 adimpletur
1040 546 1135 593 chorites
1142 561 1180 593 no·

228 625 274 662 esti
717 610 808 664 liscum,
820 618 845 656 ut
855 611 957 656 fiduciam
974 611 1092 658 habeamus
1108 611 1131 656 iu
1148 611 1182 658 die

259 681 275 725 ³
293 678 325 723 At
335 692 459 740 quicunque
470 677 559 738 spiritus
568 692 613 722 non
622 675 688 738 proii-
719 675 813 736 judicii3
830 673 889 734 qudd
904 675 974 734 qualis
990 675 1028 720 ille
1040 681 1081 729 est,
1093 677 1150 721 tales
1160 687 1182 721 et

228 750 282 789 tetur
296 740 375 789 Jesum
388 739 502 789 Christum
514 741 537 786 io
548 755 637 786 carnem
650 755 689 785 ue·
720 753 761 784 nos
772 753 848 784 sumus
858 739 881 784 iu
893 739 935 786 hoc
946 738 1036 784 mundo.

228 808 292 860 nisse,
309 819 338 851 ex
356 804 409 852 Deo
423 820 469 852 uon
480 811 531 859 est;
550 805 590 850 sed
605 804 641 849 hic
656 811 691 849 est
755 806 783 848 18
802 802 879 848 Metus
890 817 934 848 non
942 810 976 848 est
984 802 1006 848 in
1014 803 1134 849 charitates
1148 803 1183 852 in·

228 869 264 916 ille
274 871 369 929 qiiritus
376 869 504 922 antichristi,
521 881 586 928 quem
601 866 691 913 audistis
720 873 784 927 tegre
796 867 898 912 charitas
919 865 978 912 foras
999 867 1058 927 ejicit
1079 873 1182 926 meiume

228 940 345 980 venturum
356 933 431 988 fuisse,
447 939 471 979 et
486 934 528 993 qui
538 934 586 993 jam
598 946 657 976 nunc
668 931 691 976 iu
720 931 823 990 quoniam
835 937 906 975 metus
915 930 1035 976 cruciatum
1046 931 1117 976 hebet.
1135 929 1182 986 Qui

229 997 312 1042 muodo
323 1003 364 1042 est.
720 1000 793 1039 autern
805 993 889 1064 metuit,
902 1008 946 1039 non
958 1001 992 1040 est
1002 994 1089 1056 integer
1099 995 1122 1040 in
1131 995 1180 1044 elis·

261 1065 276 1106 1
294 1059 378 1106 Vosex
388 1058 440 1105 Deo
449 1059 507 1112 estis,
517 1057 584 1113 lilioli,
594 1065 616 1105 et
625 1058 691 1104 uicis·
721 1058 793 1104 ritate.

230 1127 327 1170 tiseos:
352 1123 456 1184 quoniam
476 1123 586 1184 potentior
603 1129 637 1168 est
654 1121 691 1182 qui
750 1124 780 1168 19
793 1119 1181 1186 Nosdilssimuseumquoniemipq
1234 1125 1239 1135 '

231 1200 263 1234 rst
275 1188 297 1232 in
309 1187 377 1240 vobis,
389 1184 455 1247 quim
466 1187 537 1246 quiin
549 1186 632 1231 mundo
643 1194 683 1232 est.
721 1185 781 1246 prior
791 1185 868 1230 dilexit
882 1201 930 1231 nos.

262 1247 538 1312 Slpsidmundosunt5
561 1250 611 1295 ideo
625 1265 691 1294 mun·
754 1252 786 1294 20
803 1249 876 1309 Siquis
884 1249 969 1302 dixerit,
982 1249 1062 1309 Diligo
1071 1248 1147 1296 Deun
1164 1260 1182 1295 st

230 1316 286 1362 dans
304 1315 430 1376 loquuntur,
448 1320 471 1360 et
487 1313 583 1360 mundus
599 1329 637 1359 eos
652 1329 692 1359 ou·
721 1311 812 1358 fratrem
820 1327 883 1358 suum
891 1313 968 1365 oderit,
975 1315 1116 1359 menduxest
1138 1313 1182 1367 Qr

207 1400 210 1408 ·
230 1380 267 1424 dis.
722 1377 782 1422 euim
793 1392 838 1422 non
850 1377 921 1438 diligit
931 1377 1020 1424 fratrem
1037 1392 1101 1422 suum
1118 1392 1183 1438 quom

261 1440 449 1488 6NosexDeo
460 1455 551 1487 sumus:
576 1439 693 1502 quinovit
722 1440 784 1493 vidit,
805 1439 889 1494 Deum
909 1455 974 1500 quem
991 1455 1036 1494 nori
1052 1441 1112 1493 vidit,
1128 1456 1183 1503 quon

230 1505 313 1558 Deum,
321 1505 382 1551 audit
391 1519 442 1551 uos:
456 1505 493 1564 qui
503 1519 547 1550 non
554 1511 623 1550 estex
632 1502 693 1558 Deo,
722 1503 789 1549 modo
800 1510 873 1564 potest
884 1505 994 1565 diligere?

229 1569 399 1615 uousuditnos.
433 1567 472 1614 Ex
482 1569 525 1613 hoc
535 1567 693 1628 cognoscimus
755 1571 782 1612 21
803 1566 836 1613 Et
846 1567 889 1614 hoc
900 1569 1025 1614 mandatum
1037 1569 1141 1614 hebemus
1157 1569 1182 1615 ut

229 1633 328 1694 spiritum
340 1631 444 1684 veritatis,
456 1638 479 1678 et
487 1631 587 1692 spiritum
595 1631 684 1676 erroris.
721 1645 758 1685 co,
776 1637 801 1676 ut
818 1632 854 1692 qui
874 1631 945 1694 diligit
964 1632 1046 1685 Deum,
1066 1633 1142 1693 dirigor
1162 1641 1182 1678 et
1269 1695 1280 1702 .

262 1699 276 1742 7
295 1695 627 1757 Dilecu‚diligamusaliia1ios=
641 1709 693 1740 nam
722 1693 812 1741 tratrem
827 1711 897 1741 suum.

229 1761 323 1806 charitas
331 1773 360 1806 cx
372 1759 425 1805 Deo
436 1766 484 1805 est:
506 1759 604 1819 quisquis
615 1757 692 1820 diligit,

228 1839 257 1872 ex
270 1823 323 1870 Deo
334 1830 399 1870 natus
409 1831 450 1877 est,
462 1831 484 1869 et
495 1824 558 1869 novit
570 1821 653 1869 Deum.
894 1821 968 1870 cAP.
984 1822 1018 1868 'V.

262 1886 693 1948 8QuinondiligitnonriovitDeumt
786 1884 925 1942 UISQUIS
947 1888 1016 1932 credit
1037 1885 1114 1936 Jesum
1136 1901 1184 1933 csse

230 1967 281 1998 nani
294 1950 359 1997 Deus
369 1959 404 1996 est
414 1952 515 1996 charitas.
797 1949 912 1998 Christum
921 1950 989 2004 illum,
998 1965 1024 1996 ex
1035 1950 1088 1996 Deo
1096 1951 1185 2012 genitu-⁴

262 2021 277 2063 9
295 2014 340 2061 Per
357 2015 401 2063 hoc
420 2013 528 2092 patefacta
546 2019 581 2059 est
599 2013 694 2059 charites
722 2025 773 2068 est;
796 2022 819 2060 et
836 2015 933 2075 quisquis
947 2014 1019 2075 diligit
1033 2029 1083 2060 eum
1095 2014 1131 2074 qui
1143 2029 1184 2076 ge

231 2077 275 2125 Dei
287 2079 309 2124 in
321 2094 369 2131 nos,
386 2077 445 2137 quod
463 2077 543 2123 Filium
556 2076 616 2122 illum
629 2092 693 2123 suum
723 2079 777 2131 uuit,
795 2078 866 2140 diligit
876 2080 941 2124 etiam
953 2093 1003 2125 eum
1015 2079 1051 2140 qui
1062 2093 1091 2124 ex
1102 2095 1129 2124 co
1143 2095 1182 2140 ge·

229 2143 367 2204 unigenitum
384 2141 446 2186 misit
462 2139 528 2187 Deus
544 2141 566 2186 in
579 2141 693 2195 erundum,
723 2142 782 2188 uitus
795 2153 835 2188 est.

231 2219 254 2253 ss
265 2207 366 2251 vivamus
377 2219 485 2266 pereum.
756 2209 771 2251 2
790 2205 834 2251 Per
851 2207 893 2254 hoc
910 2205 1066 2267 cognoscimus
1083 2219 1124 2252 nos
1134 2205 1182 2252 diii·

265 2273 294 2315 10
310 2267 338 2314 ln
350 2270 393 2314 hoc
403 2275 438 2314 est
448 2267 544 2315 chorites
553 2285 560 2324 ς
569 2283 623 2316 .ncu
635 2265 694 2330 qudd
722 2285 776 2330 gere
793 2269 849 2315 filios
866 2269 919 2324 Dei,
935 2285 1003 2330 quum
1021 2268 1098 2316 Deum
1109 2269 1182 2331 diligi-

150 2345 157 2362 '
230 2347 270 2384 nos
281 2333 421 2380 dilexerimus
434 2332 517 2387 Deum,
529 2332 567 2378 sed
579 2329 638 2392 qudd
648 2333 694 2394 ipsc
724 2348 781 2386 mus,
792 2341 815 2380 et
826 2333 927 2380 mandute
938 2335 986 2394 ejus
996 2347 1116 2379 servamus.

229 2396 329 2444 dilexerit
340 2411 387 2451 nos,
399 2403 422 2442 et
433 2397 516 2442 miserit
531 2395 612 2442 Filium
629 2411 694 2442 ouum
755 2401 771 2441 3
790 2396 853 2443 Haec
864 2405 897 2443 est
909 2398 967 2444 enim
978 2397 1074 2443 chorites
1090 2396 1143 2450 Dei,
1161 2404 1184 2443 ut

229 2469 252 2506 ut
263 2469 322 2507 esset
337 2461 462 2522 propitiatio
478 2476 519 2523 pro
534 2461 629 2522 peccetis
640 2473 692 2506 nos·
724 2460 826 2506 mandata
836 2462 883 2521 ejus
894 2476 1022 2508 servemus:
1046 2467 1069 2507 et
1083 2461 1183 2507 mundati

230 2525 277 2570 tiis.
723 2525 770 2585 ejus
778 2525 855 2586 gravio
866 2540 911 2570 non
922 2531 981 2570 suut.
1000 2529 1001 2532 ’

263 2591 289 2632 11
309 2587 400 2640 Dilecti‚
412 2587 430 2634 si
443 2586 508 2634 Deus
519 2603 561 2633 nos
572 2587 603 2633 its
610 2587 692 2641 dilexit,
754 2591 770 2633 4
788 2588 900 2642 Quoniam
911 2587 1013 2649 quicquid
1025 2594 1100 2634 ustum
1112 2594 1145 2632 est
1156 2601 1184 2634 ex

229 2650 332 2697 debemus
342 2658 365 2696 et
376 2666 418 2696 nos
428 2651 463 2697 alii
476 2651 530 2697 ulios
541 2651 639 2711 diligere.
723 2649 783 2704 Dco,
803 2653 871 2697 vincit
890 2652 1012 2698 mundum:
1037 2658 1060 2698 et
1078 2652 1132 2697 haec
1150 2657 1184 2696 est

262 2717 291 2759 12
308 2713 384 2758 Deum
394 2729 459 2759 nemo
471 2715 691 2774 spectavitunquom.
722 2715 814 2761 victoria
830 2730 887 2775 quae
904 2716 956 2761 vicit
971 2715 1085 2769 mundum,
1105 2730 1184 2775 neuipe

230 2777 253 2824 si
265 2777 382 2838 diligamus
393 2777 428 2822 elii
440 2777 500 2830 ulios,
513 2775 579 2822 Deus
595 2777 617 2822 iri
629 2779 692 2823 uobis
721 2776 775 2823 fides
788 2788 869 2824 nostra.

229 2841 315 2894 habitat,
326 2847 349 2886 et
360 2840 453 2886 charites
469 2841 517 2903 ejus
531 2840 648 2902 adimpleta
658 2849 692 2886 est
753 2844 768 2888 5
787 2841 845 2895 Quis
866 2849 900 2889 est
920 2843 958 2903 qui
977 2842 1046 2888 vincit
1066 2842 1180 2895 mundum,

228 2905 249 2951 io
262 2905 331 2951 nobis.
720 2905 761 2951 uisi
779 2907 817 2966 qui
838 2907 908 2953 credit
928 2906 1007 2954 Jesum
1030 2922 1079 2953 esse
1104 2905 1183 2952 Filium

262 2972 291 3014 15
309 2967 353 3014 Per
363 2968 405 3014 hoc
416 2966 572 3030 cognoscimus
583 2965 624 3014 nos
633 2969 655 3013 in
664 2984 691 3015 eo
721 2967 786 3015 Dei?

228 3033 330 3086 halitum,
342 3039 365 3078 ct
380 3032 452 3093 ipsum
468 3031 491 3078 in
508 3032 577 3088 nobis,
588 3030 647 3093 qudd
664 3033 691 3079 de
751 3038 766 3080 6
784 3033 830 3079 Hic
840 3033 877 3080 ille
887 3040 921 3080 est
931 3033 967 3094 qui
980 3033 1039 3081 venit
1050 3049 1085 3094 per
1105 3047 1183 3093 oqueru

229 3097 312 3159 Spiritu
323 3112 364 3142 suo
375 3095 435 3142 dedit
444 3097 515 3142 nobis.
635 3109 637 3116 ¹
718 3104 741 3143 et
752 3098 888 3159 sanguinem,
900 3113 979 3158 nempe
989 3097 1056 3146 Jesus
1067 3097 1182 3147 Christum

262 3165 291 3206 14
308 3160 359 3206 Nos
369 3157 423 3206 versi
433 3159 580 3222 spectavimus
591 3166 613 3205 et
621 3165 689 3206 testu·
719 3176 764 3207 non
776 3177 815 3222 per
825 3176 903 3223 aquam
915 3159 993 3215 solim,
1005 3163 1043 3208 sed
1055 3177 1093 3223 per
1104 3175 1181 3222 equom

227 3239 277 3270 mur
289 3223 379 3270 Patrem
387 3223 472 3270 misisse
484 3223 572 3278 Filium,
584 3223 621 3284 qui
631 3231 691 3270 esset
719 3233 743 3270 et
756 3225 903 3287 sanguinem:
922 3233 945 3271 et
961 3225 1048 3286 spiritus
1065 3227 1083 3271 is
1097 3233 1130 3271 est
1146 3225 1182 3287 qui

227 3287 333 3334 Senator
343 3287 426 3333 mundi.
719 3287 848 3334 testificetur
860 3289 964 3349 Spiritum
977 3290 1091 3334 veritatem
1100 3305 1149 3334 eser

261 3355 289 3398 15
303 3351 409 3411 Quisquis
417 3350 528 3412 professus
536 3349 603 3397 suerit
610 3349 688 3397 Jesum
752 3355 765 3399 7
784 3351 844 3398 Num
859 3361 904 3398 tres
920 3361 972 3399 sunt
986 3353 1022 3412 qui
1041 3353 1178 3400 testificant-s

229 3429 275 3462 esse
287 3412 368 3462 Filium
380 3413 433 3469 Dei,
446 3413 511 3460 Deus
527 3415 550 3460 in
562 3429 588 3460 eo
600 3415 689 3469 habitat,
719 3415 742 3461 in
757 3417 827 3470 coelo,
848 3415 922 3470 Pater,
943 3417 1029 3470 Sermo,
1048 3425 1071 3462 et
1090 3416 1181 3478 Spiritus

227 3489 248 3525 et
259 3479 339 3540 ipsein
350 3477 411 3524 Deo.
721 3480 815 3526 Sanctus
825 3497 831 3526 ι
851 3487 873 3526 et
884 3481 905 3526 bi
918 3490 963 3527 tres
974 3495 1042 3526 uuum
1055 3490 1114 3526 sunt.

261 3548 289 3588 16
307 3541 339 3587 Et
350 3557 391 3587 nos
404 3541 551 3602 cognovimus
562 3547 584 3586 et
595 3541 688 3587 credidi-
753 3548 767 3588 8
785 3543 817 3589 Et
828 3550 872 3589 tres
888 3552 939 3591 sunt
952 3546 989 3605 qui
1005 3542 1181 3590 testificenturis

228 3621 276 3652 urus
287 3606 414 3652 charitatem
426 3619 491 3665 quum
508 3605 572 3650 hebet
590 3603 655 3651 Deus
665 3606 689 3650 iu
719 3604 784 3660 terris,
803 3607 904 3668 Spiritus,
922 3616 945 3654 et
961 3623 1022 3668 sque
1037 3615 1060 3654 et
1076 3608 1181 3670 sunguisg

228 3683 280 3715 uos:
301 3667 366 3713 Deus
377 3670 521 3715 siraritosest:
541 3675 564 3713 et
572 3669 608 3728 qui
616 3675 691 3714 manet
720 3671 774 3716 ethi
787 3679 831 3718 treu
843 3672 865 3716 in
876 3686 945 3717 unum
956 3672 1105 3718 consentiunt.

228 3732 368 3782 inclinium
386 3731 408 3775 in
427 3731 481 3777 Deo
497 3740 578 3786 munet,
590 3739 613 3777 et
624 3731 689 3778 Deus
753 3739 768 3781 9
785 3735 809 3780 Si
821 3735 971 3782 testimonium
979 3736 1093 3781 hominum
1101 3737 1182 3798 occipi-

228 3797 294 3841 leco·
432 3857 479 3898 27⁰
720 3811 777 3848 suus
801 3799 950 3845 testimonium
973 3799 1018 3845 Ilei
1042 3803 1111 3860 majus
1132 3813 1179 3846 essi
