2734 4314
515 397 739 452 lilA‘l'l'HAllUS.
763 396 836 455 xlx.

199 521 256 558 ssm,
268 521 332 552 amen
350 507 398 550 dito
416 506 484 555 vobis,
501 506 584 564 gaudet
600 519 666 564 super
697 501 839 550 miseratione
852 503 955 550 dominus
973 508 1030 551 servi
1047 505 1110 560 illias,
1130 509 1153 554 ds

202 570 227 616 ed
238 569 309 632 magis
320 568 386 629 quim
404 584 469 629 snper
485 569 527 614 illis
544 568 667 630 nonaginta
698 567 758 612 misit
769 583 827 622 eum,
839 574 861 614 et
872 577 973 615 mutuum
986 571 1071 615 remisit
1081 573 1108 618 ei.

203 647 283 680 novem
294 649 350 693 quoe
361 647 405 678 non
418 630 549 678 aberrairant.
732 635 762 676 28
780 631 893 692 Egressus
904 631 958 679 verti
969 649 1048 680 servus
1055 635 1091 680 ille
1100 637 1156 681 inve·

237 701 266 742 14
283 695 319 742 lta
330 712 374 742 non
391 697 438 742 vult
458 695 523 742 Pater
540 703 613 742 vester
629 696 666 755 qui
700 695 732 740 nit
744 711 813 742 unum
825 711 852 742 ex
864 698 977 745 conservis
989 699 1040 751 suis,
1052 700 1088 758 qni
1098 700 1158 745 debe

202 764 223 808 in
236 758 303 806 coelis
314 768 354 814 est,
367 768 389 806 ut
403 768 477 821 pereat
489 760 545 806 ullus
557 761 667 821 expertis
699 760 736 805 bat
754 760 774 805 ei
791 769 880 806 centum
898 761 1013 816 denarium
1030 771 1053 808 et
1069 763 1160 824 preiren-

204 827 257 871 istis.
449 849 452 861 ι
700 837 749 868 sum
769 839 819 868 eum
842 824 968 878 sutlbcabet,
986 826 1067 878 dicens,
1087 825 1162 874 ileliae

238 892 265 935 15
284 889 307 935 Si
319 885 372 934 vcrd
383 888 507 950 peccaverit
521 888 544 934 in
561 894 583 934 te
598 886 667 933 frater
699 887 758 948 quod
767 887 841 934 debes.

204 963 260 1004 tuus.
271 954 310 1007 ito,
321 960 345 998 et
355 969 424 1014 argue
435 968 486 998 eum
497 952 555 998 inter
566 959 588 998 te
598 958 622 998 et
631 952 666 1012 ip-
726 955 758 998 29
768 950 889 997 Procidena
895 968 949 1012 ergo
956 969 1077 1000 conservus
1082 955 1162 1016 ejusod

203 1033 250 1064 sum
263 1018 349 1064 solumr
369 1017 421 1063 site
429 1017 528 1072 audierit,
536 1015 666 1062 lucrsiuses
698 1016 746 1126 egos
766 1016 841 1076 pedes,
861 1017 989 1076 precabatur
1005 1033 1063 1072 eum,
1081 1019 1162 1067 dicem
1207 1012 1210 1020 ¹

204 1083 293 1128 fratrem
305 1089 374 1128 tuum.
722 1078 1034 1134 obibeiramadversrlmme,
1051 1089 1074 1127 et
1090 1083 1162 1129 omnir
1208 1110 1212 1116 ·

239 1150 266 1192 16
284 1146 323 1192 Sin
332 1142 386 1192 verd
393 1152 415 1192 te
421 1161 467 1192 non
473 1145 570 1199 audierit,
578 1159 666 1190 assume
699 1144 787 1189 reddam
799 1145 850 1190 tibi:

204 1223 277 1255 tuum
287 1210 358 1256 adhuc
370 1225 439 1256 unum
454 1217 492 1255 sot
508 1209 578 1265 duos;
596 1215 621 1254 ot
637 1223 666 1253 ex
730 1211 763 1252 50
781 1207 822 1254 lile
843 1205 897 1254 verti
918 1209 1003 1266 noluit;
1030 1209 1068 1256 sed
1089 1211 1163 1257 obiens

204 1289 242 1320 ore
253 1274 347 1320 duorum
359 1281 395 1320 au:
408 1273 474 1318 trium
486 1273 575 1318 testium
585 1271 666 1319 confir·
700 1272 794 1331 conjecit
811 1287 861 1317 eum
879 1273 901 1317 in
915 1288 1032 1326 carcerem,
1050 1277 1163 1336 quousque

203 1345 276 1384 mctur
287 1353 322 1382 res
333 1343 386 1382 toto.
702 1336 801 1382 redderet
812 1336 916 1382 debitum.

239 1403 267 1448 17
285 1397 354 1454 Qudd
365 1401 383 1446 si
395 1401 518 1462 neglexerit
531 1416 570 1446 cos
587 1400 668 1454 audire,
733 1403 761 1444 51
783 1399 860 1453 Quum
871 1407 945 1446 autem
954 1401 1062 1446 vidissent
1073 1417 1163 1448 conscr-

203 1465 361 1512 dicecclesiae:
375 1461 433 1525 qudd
446 1465 463 1510 si
474 1464 670 1510 ecclesiamaudire
703 1463 783 1525 viejus
794 1479 850 1524 quse
865 1463 923 1510 facts
939 1463 1032 1519 inerant,
1047 1465 1165 1512 doluerunt

204 1528 333 1589 neglexerit,
352 1529 380 1573 sit
397 1529 435 1574 tibi
451 1529 513 1574 velut
529 1529 630 1574 ethnicus
646 1535 670 1574 ct
701 1529 850 1582 vehementer,
868 1535 891 1574 et
906 1543 974 1588 quum
991 1529 1110 1584 venissent,
1124 1531 1162 1575 de·

204 1592 458 1654 publicanosquispiarn.
702 1589 813 1638 clarairunt
837 1593 928 1638 domino
950 1609 990 1638 suo
1013 1593 1088 1640 omnia
1109 1609 1164 1654 quae

238 1659 267 1702 18
284 1655 359 1702 Amen
375 1657 423 1702 dico
440 1657 509 1709 vobis,
526 1671 670 1716 quaecunque
701 1654 863 1702 sactafuerant.

203 1719 327 1782 ligaveritis
334 1721 356 1766 in
365 1718 429 1774 terni,
438 1727 503 1768 crunt
512 1720 580 1781 ligato
586 1721 609 1766 in
616 1735 668 1766 coe·
733 1723 766 1764 52
782 1719 848 1766 Tunc
857 1736 884 1765 eo
893 1720 1007 1775 advocato,
1019 1721 1122 1768 dominus
1130 1721 1164 1782 ip-
1215 1767 1217 1772 ,

203 1785 240 1840 Ιο;
257 1791 280 1830 et
290 1797 433 1845 quaecunque
444 1784 554 1830 solveritis
565 1785 587 1830 in
603 1781 668 1838 terni,
701 1784 747 1829 sius
758 1783 813 1829 dixit
824 1785 850 1838 ei,
864 1784 933 1830 Serve
944 1785 1007 1838 male,
1020 1792 1092 1832 totum
1103 1785 1164 1832 debi-

204 1857 269 1895 erunt
281 1849 353 1896 soluta
364 1849 386 1895 in
398 1849 468 1895 coelo.
701 1854 748 1893 tum
760 1848 812 1894 illud
825 1849 898 1894 remisi
910 1849 955 1902 tibi,
967 1849 1019 1908 quia
1028 1857 1131 1911 precatus
1141 1865 1165 1896 es

238 1916 268 1960 19
284 1913 384 1960 Rursum
395 1913 445 1959 dico
456 1913 525 1966 vobis,
539 1913 561 1958 Si
579 1913 623 1958 duo
640 1927 668 1958 ex
700 1927 752 1958 me:

205 1978 267 2022 vobis
278 1977 430 2024 consenserint
441 1977 463 2022 in
473 1975 530 2023 terri
539 1978 566 2022 de
575 1977 635 2022 omni
645 1992 669 2022 re
732 1981 764 2022 55
782 1976 866 2022 Nonne
877 1977 974 2037 oportuit
990 1985 1012 2023 et
1029 1985 1051 2024 te
1067 1978 1164 2024 misereri

204 2056 270 2102 quam
281 2041 390 2101 petierint,
407 2040 445 2086 fiet
461 2041 494 2086 eis
508 2055 520 2086 a
534 2040 601 2086 Patre
618 2055 668 2086 meo
700 2041 801 2085 conservi
818 2041 856 2094 tui,
874 2047 898 2086 ut
914 2049 937 2086 et
953 2057 996 2102 ego
1014 2042 1046 2087 tui
1062 2043 1164 2091 misenus

205 2107 241 2165 qui
252 2105 276 2149 in
287 2104 355 2150 coelis
365 2112 415 2150 est:
701 2103 771 2149 sum?

239 2173 271 2213 20
289 2167 334 2214 Ubi
345 2169 405 2213 enim
417 2174 469 2213 sunt
480 2167 524 2212 duo
534 2167 567 2213 ve*
577 2174 621 2212 tres
629 2184 667 2212 co·
733 2171 765 2212 54
783 2166 815 2213 Et
825 2167 894 2213 iratus
905 2168 1008 2215 dominus
1019 2169 1066 2231 ejus
1078 2170 1164 2216 tradidit

206 2232 248 2278 acti
260 2233 283 2277 in
295 2232 384 2278 nominc
395 2247 452 2286 meo,
464 2231 508 2277 illle
520 2247 569 2278 sum
581 2233 602 2277 in
620 2249 668 2278 me·
702 2247 752 2278 eum
764 2232 890 2285 tortoribus,
902 2248 1016 2293 usquequo
1034 2233 1133 2280 redderet
1144 2235 1165 2279 id

206 2297 242 2342 dio
253 2311 337 2342 eorum.
702 2311 769 2343 omne
779 2296 838 2356 quod
850 2297 889 2342 sibi
901 2297 1026 2342 debebatur.

239 2363 267 2406 21
297 2360 394 2420 {Tunc
416 2361 491 2406 adiens
512 2376 564 2406 eum
589 2359 669 2406 Petrus
733 2363 765 2406 55
784 2359 819 2406 ltu
829 2367 852 2405 et
865 2360 932 2405 Pater
943 2361 979 2406 ille
990 2375 1053 2406 meus
1064 2361 1166 2406 coelestis

206 2425 267 2480 dixit,
280 2423 386 2479 Domine,
398 2427 484 2484 quoties
495 2425 593 2486 peccabit
602 2426 624 2470 in
634 2441 670 2470 me
701 2423 768 2471 societ
778 2424 848 2476 vobis,
860 2424 901 2468 nisi
914 2423 1041 2468 remiseritis
1053 2440 1093 2469 suo
1105 2440 1165 2484 quis-

205 2488 349 2544 frotermeus,
359 2496 381 2534 et
391 2489 500 2535 remittam
509 2488 546 2534 ei?
561 2504 670 2548 onusque
702 2503 746 2548 que
756 2486 817 2532 fratri
834 2501 862 2531 ex
879 2487 981 2532 cordibus
998 2487 1077 2532 vestris
1092 2487 1162 2549 lapsu·

206 2553 305 2614 septies?
702 2565 786 2597 eorum.

238 2620 270 2661 22
287 2615 350 2660 Dicit
367 2616 386 2660 ei
403 2615 476 2667 Jesus,
495 2613 550 2660 Non
566 2614 616 2660 dico
632 2615 670 2662 tibi

207 2695 276 2739 usque
297 2679 384 2740 septies.
404 2679 443 2724 sed
459 2693 529 2738 usque
545 2679 670 2740 septuagies
848 2675 922 2724 CAP.
948 2676 1019 2723 xlx.

207 2743 294 2804 septies.
641 2741 649 2746 “
760 2741 783 2788 Τ
792 2740 876 2787 sactum
887 2747 927 2795 est,
945 2758 1015 2802 quum
1030 2741 1115 2789 finisset
1126 2743 1165 2791 Je·

238 2811 270 2852 25
279 2805 669 2866 Proptereasimileestregnumcoe-
789 2821 826 2852 sus
838 2820 951 2852 sermones
962 2807 1023 2860 istos,
1036 2815 1060 2852 ut
1072 2808 1166 2854 solveret

207 2870 278 2918 iorum
290 2871 344 2930 regi,
355 2869 392 2929 qui
404 2869 475 2916 voluit
485 2868 586 2916 conferre
602 2872 669 2916 rnio-
702 2884 716 2916 e
728 2866 834 2923 Galilaet,
846 2876 869 2915 et
880 2870 941 2916 venit
957 2870 980 2915 in
997 2869 1052 2916 lines
1069 2870 1165 2918 Judoeae

208 2949 258 2980 nem
269 2949 320 2980 com
333 2934 402 2980 servis
411 2934 463 2979 suis
633 2943 635 2948 ’
701 2948 765 2980 secus
776 2933 905 2981 Jordsnem.

239 3001 271 3044 24
283 2998 315 3044 Et
321 3013 389 3058 quum
397 2999 505 3058 coepisset
514 2996 621 3051 conferre,
631 3000 670 3044 ob-
736 3002 751 3044 2
769 2997 801 3043 Et
812 3005 905 3058 sequuta
916 3007 950 3044 est
958 3015 1009 3044 eum
1018 2999 1080 3044 turba
1091 2999 1166 3050 multa⁴

214 3071 264 3110 utus
286 3070 320 3109 est
340 3063 360 3108 ei
383 3063 470 3122 quidam
493 3063 578 3108 debitor
598 3063 671 3110 decies
704 3063 944 3123 sanavitqueeosilllc.

208 3127 267 3175 mille
278 3127 418 3173 talentorum.
735 3131 751 3172 5
773 3127 840 3173 Tunc
858 3127 960 3173 adierunt
976 3143 1027 3173 eum
1047 3126 1166 3180 Pharisaei,

240 3194 270 3239 25
283 3191 361 3245 Quum
369 3200 442 3238 autem
451 3191 470 3237 is
480 3207 524 3237 non
532 3199 607 3252 posset
615 3193 672 3238 lroeo
704 3197 815 3238 tentantes
826 3207 884 3244 eum,
896 3199 919 3238 et
930 3192 1027 3237 dicentes
1036 3191 1063 3244 ei,
1074 3190 1166 3237 Licetne

168 3303 173 3310 ,
218 3255 380 3316 edderejussit
390 3271 441 3300 eum
453 3256 556 3302 dominus
567 3257 615 3316 ejus
631 3271 670 3302 vo-
704 3255 787 3301 homini
799 3256 909 3301 dimittere
925 3270 1018 3302 uxorem
1035 3269 1097 3300 suam
1111 3251 1164 3314 qui·

209 3319 307 3373 nundsri,
319 3325 342 3364 et
352 3333 445 3364 uxorem
457 3321 511 3380 ejus,
523 3326 546 3364 et
552 3319 639 3372 liberos,
649 3327 671 3366 et
703 3317 737 3364 vis
748 3335 777 3364 ex
788 3315 885 3364 cnossi?

208 3397 280 3428 omma
299 3399 356 3444 quae
377 3383 474 3436 habebat,
491 3390 515 3429 et
531 3383 591 3428 reddi
608 3385 669 3429 debi-
736 3386 752 3426 4
770 3381 811 3428 llle
829 3379 883 3427 verd
903 3381 1038 3442 respondens
1055 3381 1111 3428 dixit
1127 3383 1167 3433 elo.

217 3461 263 3493 um.
705 3445 759 3491 Non
770 3446 862 3506 legistis,
875 3444 984 3505 Opificem
993 3447 1019 3492 sb
1027 3445 1091 3492 initio
1101 3445 1166 3492 iocis·

242 3515 272 3556 26
290 3509 412 3556 Procidens
422 3527 478 3572 ergo
490 3525 567 3556 servus
579 3509 615 3556 ille
632 3511 670 3556 sd·
704 3525 728 3555 se
738 3510 860 3555 masculum
872 3517 895 3555 et
905 3509 1042 3566 foeminam

208 3575 283 3620 orcbot
296 3589 354 3628 eum,
371 3574 455 3628 dicens,
472 3573 577 3629 Domine,
595 3575 672 3623 cohibe
736 3577 751 3620 5
764 3573 795 3624 Et
804 3575 891 3628 dixisse,
903 3573 1024 3634 Propterea
1032 3573 1166 3634 derelinquor

209 3643 261 3683 iram
273 3635 390 3684 adversrlm
402 3653 444 3692 me,
456 3646 479 3684 et
488 3639 564 3684 omnia
575 3637 613 3684 tibi
621 3639 670 3684 red-
704 3639 771 3682 homo
782 3647 866 3697 patrem
883 3647 906 3684 et
922 3645 1021 3691 matrem,
1036 3645 1059 3683 et
1069 3636 1166 3698 aggluti-

210 3705 266 3748 iam.
704 3702 790 3746 nabitur
802 3702 864 3746 uxori
879 3717 947 3757 suse3
964 3709 987 3747 et
1002 3701 1039 3762 qui
1056 3699 1163 3758 duosam

240 3769 272 3812 27
290 3763 423 3812 Cmrrmotus
434 3772 506 3810 auten?
520 3761 595 3811 intimi
608 3780 669 3810 com·
703 3773 764 3810 roret.
776 3774 841 3811 erant
853 3780 896 3812 uns
907 3765 977 3810 cero?

435 3831 467 3870 22
