2756 4320
609 411 724 471 ACTA,
746 413 779 462 X.

241 522 274 565 ³6
290 514 678 580 {Joppaererdiuitquredamdis-
739 520 755 565 5
772 517 841 564 Nunc
859 518 928 580 igitur
944 519 1009 566 mitte
1018 517 1164 582 aliquorJop

214 582 283 644 eipuia
293 583 386 628 nomine
394 581 497 635 stitha,
508 595 571 642 quae,
582 582 679 628 riintcr·
706 597 757 643 pen,
774 590 798 627 et
811 597 898 628 accerse
911 583 1024 629 Simonem
1035 584 1072 644 qui
1083 599 1166 646 coguo-

214 647 310 708 preteris,
332 647 415 691 dicitur
434 645 537 706 &preat
561 645 680 692 haeserat
707 646 804 691 minatur
817 645 904 692 Petrus.

213 710 378 770 diresoperum
389 711 501 755 bonorum
517 715 540 755 et
555 709 679 768 eleemosy-
740 714 756 755 6
774 707 797 754 is
821 710 945 756 diversatur
970 709 1029 771 apud
1057 710 1170 759 Simonem

214 775 502 834 uarumquaspraesuhse
709 769 818 832 quendam
838 774 962 827 conanum,
985 773 1020 818 cui
1039 782 1073 820 est
1092 775 1170 822 domus

245 841 276 884 37
295 836 390 882 Factum
399 845 434 883 est
442 845 516 883 autem
523 835 617 898 peritios
625 836 678 890 dies,
708 836 766 896 apud
776 851 849 882 mare:
869 838 888 883 is
899 837 957 883 dicet
967 838 1005 883 tibi
1014 838 1066 898 quid
1075 845 1096 884 te
1104 854 1171 900 opor·

215 907 240 946 ut
250 915 279 946 ex
289 902 367 946 morbo
375 909 514 947 moreretur:
527 915 599 960 ‚quarn
610 915 679 960 quum
708 905 755 945 teat
765 898 844 945 iacere.

213 964 326 1017 iuvissent,
338 972 461 1024 posuerunt
472 964 632 1010 incommuta·
741 966 755 1010 7
775 962 808 1009 Ut
824 970 897 1009 autem
908 963 1008 1009 discessit
1023 964 1117 1025 angelus
1134 979 1172 1025 qu

246 1032 279 1073 38
296 1027 454 1080 Quumsutem
463 1027 680 1088 Lyddsessetprope
709 1027 838 1086 loquebatur
851 1025 962 1081 Cornelio,
978 1029 1066 1073 vocavit
1077 1029 1132 1074 duos
1143 1043 1172 1077 ea

214 1090 311 1152 ioppen,
323 1091 429 1152 discipuli,
441 1093 516 1137 audito
528 1091 621 1138 Petrum
635 1091 680 1137 illio
709 1089 798 1136 famulis
812 1090 864 1143 suis,
882 1099 905 1136 et
915 1091 1007 1136 militem
1024 1091 1085 1150 pium
1101 1107 1130 1138 ex
1153 1092 1172 1140 ir

213 1170 270 1208 esse,
292 1155 348 1200 duos
367 1156 428 1200 viros
447 1156 555 1201 miserunt
573 1156 601 1200 ad
619 1171 678 1207 eum,
709 1154 747 1214 qui
758 1169 809 1200 oum
820 1155 868 1214 ipso
879 1162 942 1200 erasit
952 1154 1049 1200 assidui:

214 1225 321 1278 rogantes
331 1233 360 1264 ne
369 1225 511 1266 cunctaretur
522 1235 591 1279 usque
601 1219 629 1264 ad
645 1219 679 1279 ip-
742 1221 757 1261 8
774 1217 808 1263 Et
817 1233 886 1277 quum
896 1218 929 1263 eis
939 1218 1078 1279 exposuisset
1090 1218 1172 1274 omnia.

215 1296 254 1328 sos
265 1283 374 1342 progredi.
710 1281 769 1326 misit
779 1296 818 1326 eos
829 1281 924 1342 Joppen.

248 1349 281 1392 59
298 1345 430 1406 Exsurgens
449 1346 518 1406 igitur
541 1345 622 1392 Petrus
638 1362 678 1391 ve·
742 1344 885 1392 9Postridie
901 1341 954 1391 verd
972 1344 1014 1390 illis
1030 1346 1072 1390 iter
1087 1343 1159 1392 facien

217 1409 250 1453 nit
266 1409 375 1454 cumeis:
394 1424 467 1468 quem,
485 1410 520 1454 ubi
532 1409 606 1462 adfuit.
620 1410 678 1454 dux·
709 1409 773 1461 tibus,
790 1416 813 1453 et
823 1409 1046 1470 appropinquantibus
1063 1410 1118 1463 urbi,
1134 1425 1169 1456 as·

215 1480 282 1518 erunt
292 1473 315 1518 in
323 1472 481 1518 coenaculum:
501 1474 536 1518 ubi
547 1473 679 1519 adstiterunt
708 1465 782 1518 'cendit
794 1471 876 1519 Petrus
886 1473 908 1518 iu
920 1473 1024 1520 wlurium
1035 1481 1060 1519 ut
1069 1488 1160 1535 precare

215 1536 237 1581 ei
257 1551 334 1581 omnes
354 1537 440 1588 viduae,
458 1535 544 1590 tientes,
561 1544 583 1582 et
602 1545 678 1582 osten·
709 1543 751 1589 tur,
763 1536 908 1583 circahoram
920 1549 1012 1583 sextarii.

215 1599 293 1644 dentes
317 1600 402 1646 tunicas
425 1606 449 1646 et
471 1601 603 1646 vestimenta
623 1615 679 1660 quae
743 1603 773 1645 10
790 1600 882 1646 Factum
891 1608 925 1647 est
933 1609 1006 1647 autem
1015 1608 1040 1646 ut
1048 1601 1112 1647 ualde
1120 1615 1169 1646 esu·

217 1661 307 1708 Dorcas
314 1663 412 1717 iaciebat,
429 1678 497 1724 quum
509 1660 553 1710 uni
563 1679 614 1710 cum
626 1665 679 1726 ipsis
710 1664 768 1716 siret,
788 1655 902 1724 voluitque
918 1680 996 1725 capere
1010 1666 1099 1710 cibums
1126 1663 1170 1710 Pa·

215 1733 282 1772 esset
710 1729 807 1774 rantibus
817 1729 886 1788 igitur
896 1728 940 1774 illis
956 1729 1038 1781 cibum,
1055 1727 1132 1773 incidit
1148 1728 1171 1774 ia

248 1794 282 1836 40
298 1789 382 1851 Ejectis
401 1797 475 1836 autem
494 1790 596 1837 omnibus
611 1790 677 1845 foras,
708 1806 759 1836 eum
771 1793 851 1836 mentis
861 1806 972 1837 excessus.

217 1852 305 1907 Petrus,
316 1854 392 1914 positis
408 1854 508 1914 genibus,
519 1861 621 1915 precatus
629 1862 675 1901 est:
743 1857 770 1898 11
791 1851 956 1914 Conspexitque
966 1853 1052 1899 coelum
1063 1860 1171 1912 apertum,

214 1924 370 1964 etconversus
382 1918 411 1964 ad
426 1932 514 1978 corpus,
530 1919 591 1970 dixit
609 1917 678 1964 Tabi·
709 1931 734 1962 ιο
756 1917 891 1964 descendent
909 1918 937 1963 sd
955 1931 980 1962 re
998 1932 1038 1963 vas
1054 1917 1171 1977 quoddam,

216 1981 261 2035 tiss,
279 1996 353 2042 surge
386 1979 429 2027 111a
442 1977 678 2042 verdaperuitocuios
709 1988 734 2026 ut
749 1981 841 2026 tintcum
857 1995 970 2042 magnum,
987 1987 1082 2042 quatuor
1096 1988 1170 2026 extre·

215 2059 275 2097 rasos,
287 2053 309 2090 et
319 2045 368 2090 viso
380 2044 449 2091 Petro
464 2047 550 2091 resedit.
709 2045 751 2090 ruis
762 2044 894 2100 devinctum,
906 2045 965 2106 quod
978 2045 1132 2091 demittebatur
1147 2045 1170 2092 ia
1244 2064 1247 2072 ·

248 2112 277 2154 41
298 2107 359 2154 Daui
377 2116 451 2155 autem
470 2109 490 2154 ei
509 2123 585 2164 manu,
596 2111 679 2156 Petrus
709 2115 804 2155 terram:

215 2173 287 2218 erexit
297 2187 360 2228 esm3
377 2179 400 2218 et
411 2173 495 2219 vocatis
506 2173 587 2221 sucus
601 2188 627 2220 ac
643 2175 677 2220 vi·
743 2176 772 2218 12
790 2171 818 2218 In
829 2187 873 2231 quo
888 2180 950 2219 erant
966 2173 1057 2232 quaevis
1072 2172 1156 2232 quadra

215 2235 265 2281 duis
276 2251 324 2282 mm
335 2237 409 2282 rivam
421 2237 598 2296 repraesentavit.
709 2236 772 2296 pedis
786 2243 863 2288 terrae,
880 2244 903 2282 et
918 2237 985 2293 rau,
1001 2243 1026 2283 et
1039 2236 1130 2297 reptilia,
1148 2251 1170 2283 et

248 2303 281 2344 42
297 2298 326 2345 1d
346 2307 420 2346 autem
442 2301 538 2346 innotuit
553 2317 592 2362 per
608 2307 678 2346 totam
709 2299 811 2344 volucres
821 2299 884 2344 coeii.

216 2361 311 2423 Joppeu,
323 2370 346 2409 et
356 2363 419 2408 multi
430 2363 569 2411 crediderunt
585 2365 608 2409 in
625 2363 677 2410 Do·
743 2365 773 2407 13
790 2361 823 2407 Et
833 2362 917 2407 exstitit
929 2373 972 2408 vox
982 2363 1076 2414 adeum,
1090 2361 1169 2422 Surge,

216 2427 309 2472 minum.
711 2424 785 2480 Petre,
794 2432 873 2478 macta,
885 2432 907 2470 et
918 2426 964 2470 ede.

248 2494 281 2535 43
297 2489 435 2550 Factumque
445 2497 479 2536 est
493 2497 517 2536 ut
533 2491 579 2536 dies
595 2491 678 2536 multos
743 2493 774 2534 14
790 2489 830 2535 Ait
838 2486 911 2534 autem
921 2487 1007 2540 Petrus,
1016 2486 1168 2548 Nequaquam,

216 2561 315 2600 maneret
323 2553 678 2615 PetrusJoppaeapudSimonem
709 2551 825 2598 Domine:
850 2567 961 2612 nunquam
980 2552 1039 2598 enim
1057 2552 1092 2596 edi
1106 2552 1168 2613 quic·

216 2618 325 2678 quendam
335 2618 460 2664 coriarium.
708 2631 774 2676 quam
785 2616 893 2678 poliutum
904 2617 939 2664 vel
951 2617 1068 2677 impurum.

743 2684 773 2728 15
789 2680 848 2726 Tum
858 2695 903 2726 vox
911 2697 986 2727 rursus
994 2681 1022 2726 ad
1030 2695 1081 2726 eum
1089 2695 1169 2727 secun

384 2743 458 2793 CAP.
481 2744 513 2790 X.
708 2740 743 2798 dd,
763 2744 826 2799 Quae
839 2744 903 2792 Deus
914 2747 1023 2808 purgavit,
1040 2752 1065 2792 tu
1081 2760 1110 2791 ne
1120 2744 1170 2806 poi·

268 2807 364 2855 'ORRO
381 2809 470 2869 quidam
486 2814 533 2854 erat
549 2805 677 2862 Caesareae,
709 2807 771 2854 luito.

291 2873 382 2918 nomine
394 2870 518 2926 Cornelius,
534 2874 633 2918 centurio
649 2887 679 2918 ex
743 2877 773 2920 16
790 2871 844 2919 Hoc
854 2881 928 2920 autem
939 2873 1021 2920 sactum
1032 2879 1067 2919 est
1078 2879 1126 2918 terr
1146 2877 1171 2920 et

215 2937 307 2983 echone
316 2951 373 2996 quae
383 2943 475 2982 vocatur
487 2935 570 2989 Italica,
709 2951 796 2982 rursum
808 2945 920 2997 receptum
931 2945 966 2982 est
976 2953 1015 2982 vas
1025 2937 1048 2980 in
1060 2936 1154 2981 coelum.

248 3005 264 3046 2
281 2999 336 3046 Pius
346 3015 372 3046 ao
383 3001 464 3046 timens
476 2999 559 3053 Deum,
570 3015 621 3045 cum
630 2997 678 3046 tort
744 3003 772 3047 17
790 3000 867 3052 Quum
878 3007 951 3046 autem
962 2999 1021 3060 apud
1033 3013 1082 3043 sese
1097 2998 1158 3044 haesi

215 3063 282 3110 domo
296 3062 342 3118 rud,
358 3070 382 3109 et
396 3070 510 3125 praestans
525 3063 678 3131 eleemosynas
709 3069 766 3108 taret
788 3062 870 3108 Petrus
891 3061 995 3120 quidnam
1016 3066 1075 3106 esset
1096 3061 1170 3106 visum

217 3129 296 3176 multas
307 3127 404 3189 populo:
708 3126 771 3172 i11ud‘
784 3125 844 3184 quud
865 3125 955 3176 viderat,
977 3130 1025 3168 tum
1047 3138 1105 3177 ecce,
1128 3124 1170 3170 virr

247 3195 264 3237 ὅ
282 3191 327 3244 Qui
348 3207 416 3250 quum
438 3186 526 3236 assidue
552 3196 678 3250 precaretur
708 3189 745 3249 qui
757 3189 818 3234 missi
828 3184 1064 3240 iuemntaCornelio,
1075 3202 1170 3246 percon·

218 3253 300 3308 Deum,
317 3255 372 3300 vidit
386 3270 425 3316 per
435 3255 543 3300 visionem
554 3249 677 3306 manifeste,
709 3253 748 3299 tati
760 3253 787 3298 de
798 3252 865 3298 domo
877 3250 980 3305 Simonis,
997 3259 1171 3311 supervenerunt

215 3318 276 3380 quasi
290 3315 345 3364 hurd
361 3319 403 3364 diei
422 3315 488 3372 nuni,
504 3317 609 3378 angeium
625 3315 678 3370 Der,
709 3318 737 3363 sd
747 3315 886 3370 vestibulum,

216 3379 371 3435 introeuntem,
387 3389 411 3432 et
426 3382 535 3428 dicentem
552 3381 600 3442 ipsi,
619 3378 678 3428 Cor·
744 3384 772 3426 18
790 3379 822 3425 Et
828 3379 1041 3439 evocatoquopr'um,
1050 3379 1170 3438 percontati

217 3445 276 3492 asiis
709 3452 761 3490 sunt
771 3459 800 3490 sn
816 3444 900 3494 Simon,
918 3457 962 3502 quo
977 3442 1170 3502 cognominaretur

247 3513 264 3555 4
280 3509 314 3556 At
324 3509 367 3564 itte,
378 3508 469 3554 intentis
479 3509 550 3554 oeulis
560 3508 583 3553 in
594 3521 645 3553 eum
656 3514 679 3552 et
711 3507 798 3560 Petrus,
810 3507 854 3552 illic
865 3505 1031 3551 diversaretur?

217 3573 378 3634 expavefactus,
399 3572 461 3625 dixit,
482 3571 544 3625 Quid
562 3578 603 3625 est,
626 3569 678 3616 Do·
744 3575 773 3618 19
791 3570 859 3616 Petro
868 3566 1038 3629 verricogitante
1045 3569 1072 3614 de
1080 3568 1170 3626 visione,

217 3636 291 3683 mine?
308 3636 376 3683 Dixit
382 3641 456 3681 autem
467 3635 494 3690 ei,
506 3635 589 3682 Preces
597 3643 648 3680 tuae
656 3641 680 3680 et
710 3634 793 3680 dixitei
803 3634 904 3694 Spiritus.
916 3631 984 3686 Ecce,
996 3641 1041 3679 tres
1052 3633 1093 3680 u'ri
1104 3649 1170 3695 qino-

216 3698 369 3761 cieemosyuae
379 3705 431 3744 triae
441 3699 587 3744 ascenderunt
598 3697 620 3744 in
629 3713 677 3744 me-
711 3704 764 3744 runt
774 3705 803 3744 te.

197 3753 308 3810 ”msam
319 3777 342 3810 ru
354 3761 401 3810 Dei
411 3769 538 3823 conspectu.
742 3765 775 3808 90
791 3759 1094 3822 Surgensiruquodesceude.
1105 3767 1167 3808 etm-
