2756 4320
548 361 664 462 Ab'rA,
683 405 752 453 xxi·
762 405 796 452 11.

191 525 255 560 mrsu
273 509 340 556 delati
361 525 468 564 essemus,
487 509 527 556 vix
547 509 657 558 voluimus
684 511 707 556 in
724 526 792 566 mare,
808 512 846 558 suh
864 513 955 558 obtentu
974 512 1065 559 velate
1084 510 1148 575 preti

190 575 284 634 scaphae
295 581 411 635 compotes
421 573 476 620 lieri.
685 576 794 621 anchoras
804 576 924 630 extensuri,

225 641 254 683 17
273 635 326 690 Qua
337 636 451 691 subducti,
463 638 595 698 adjumentis
606 644 656 684 nte·
717 642 747 684 51
767 638 833 684 Dixit
846 638 929 686 Paulus
939 640 1062 686 centurioni
1073 645 1096 686 et
1107 641 1149 686 nri·

192 708 277 755 tantur,
295 701 409 747 succincti
426 703 492 748 naui:
512 703 658 766 timentesque
686 702 765 755 litibus,
776 701 827 748 Nisi
838 705 873 748 isti
883 704 905 748 in
914 705 964 750 naci
974 705 1100 760 manserint,
1109 720 1150 752 vos

194 781 221 811 ne
231 765 254 811 in
267 767 338 824 syrtin
350 766 479 820 inciderent,
487 767 609 812 summissis
619 782 658 812 ve·
687 767 768 812 servari
781 782 825 812 non
837 769 934 828 potestis.

193 828 226 881 lis,
237 829 410 874 inferebantur.
719 833 751 874 52
768 829 834 876 Tunc
846 832 984 876 absciderunt
995 830 1076 877 milites
1087 831 1151 880 funes

228 894 257 937 18
274 891 353 944 Quum
369 907 443 938 autem
461 893 585 938 vehementi
602 900 659 937 tem·
688 895 787 954 scaphae,
799 902 821 938 et
832 884 931 940 siverirnt
941 911 989 940 eam
1000 896 1108 942 excidere.

194 957 428 1017 pestatejectaremur,
440 964 545 1016 sequente
560 959 600 1003 die
610 957 659 1018 jac·
720 961 753 1002 55
776 955 868 1002 Interim
890 964 963 1002 autem
985 959 1037 1003 dum
1059 961 1149 1006 orirctru

196 1025 267 1066 iuram
278 1020 395 1065 fecenrntr
689 1019 742 1072 dies,
753 1021 881 1065 hortabatur
893 1020 975 1066 Paulus
991 1037 1069 1067 omncs
1079 1030 1105 1068 ut
1115 1037 1152 1070 ct·

230 1087 260 1130 19
278 1081 314 1128 Ac
325 1084 390 1129 tertio
400 1083 435 1129 die
445 1082 485 1143 ipsi
497 1084 578 1129 uostris
589 1083 659 1129 mani·
689 1091 767 1144 perent
777 1083 857 1136 cibum,
870 1083 951 1137 dicens,
961 1083 1018 1129 Dies
1028 1086 1063 1129 hic
1072 1093 1105 1131 est
1114 1087 1152 1133 de·

194 1151 237 1192 bue
246 1155 385 1192 armamenta
396 1147 458 1193 navis
469 1148 592 1208 abjecimus
690 1147 761 1192 durus
777 1154 874 1206 quartus,
893 1162 921 1192 ex
938 1162 982 1207 quo
1002 1156 1153 1208 exspectantes

229 1213 262 1256 20
278 1209 357 1263 Quum
368 1217 441 1256 autem
455 1226 527 1270 neque
543 1211 576 1256 sol
591 1226 662 1270 neque
686 1211 757 1272 jejuni
768 1212 906 1270 permanetis,
918 1211 979 1256 nullo
991 1213 1039 1258 cido
1050 1221 1145 1273 sumpto.

197 1273 269 1320 sidere
284 1281 415 1334 apparerent
431 1274 458 1319 ad
474 1275 598 1334 complures
609 1275 662 1328 dies,
723 1277 755 1318 54
773 1273 827 1320 Ideo
842 1289 883 1320 vos
898 1275 974 1320 hortor
986 1282 1010 1320 ut
1021 1277 1111 1322 sumatis
1121 1278 1153 1322 ci·

197 1344 221 1384 et
234 1344 354 1398 tempestas
373 1353 418 1383 non
436 1351 504 1398 parva
520 1338 662 1391 incumberet,
691 1339 759 1393 bum3
777 1338 819 1383 hoc
830 1339 888 1384 enirn
903 1339 930 1384 ad
946 1339 1038 1386 salutern
1056 1347 1154 1388 vestrum

199 1402 220 1447 in
239 1408 353 1461 posterum
372 1409 420 1447 erat
437 1402 507 1448 oblata
526 1417 576 1462 spes
590 1401 663 1448 omnis
692 1409 791 1462 spectat:
811 1403 891 1449 nullius
903 1403 961 1449 enirn
976 1403 1075 1449 vestnim
1086 1405 1153 1466 capil-

197 1463 275 1511 salutis
287 1472 383 1510 nostrae.
691 1465 726 1511 lus
736 1481 765 1510 ex
776 1467 846 1527 capite
856 1467 926 1512 cadet.

231 1532 259 1573 21
279 1528 313 1573 Et
323 1544 391 1588 quum
403 1528 473 1574 mults
481 1529 528 1590 iam
538 1528 617 1575 suisset
627 1529 662 1574 in·
724 1532 755 1576 55
773 1529 805 1577 Et
816 1546 883 1590 quum
895 1532 948 1576 haec
957 1530 1054 1585 dixisset,
1062 1539 1154 1578 etacce·

198 1592 253 1644 edis,
266 1599 321 1638 tunc
332 1599 393 1638 stans
406 1591 489 1638 Paulus
505 1593 528 1638 in
544 1593 617 1638 medio
629 1592 662 1654 ip-
692 1592 759 1653 pisset
767 1609 853 1655 panem,
862 1595 944 1656 gratias
951 1595 997 1656 egit
1007 1593 1060 1640 Deo
1068 1596 1090 1640 in
1099 1611 1154 1642 con·

198 1671 274 1702 sorum
285 1656 348 1709 dixit,
361 1656 484 1718 Oportebat
495 1652 583 1716 quidem
593 1654 606 1702 d
615 1656 663 1710 viri,
692 1665 768 1717 spectu
787 1659 902 1704 omniurn:
921 1665 944 1704 et
960 1673 1028 1719 quum
1045 1658 1154 1722 fregisset,

198 1719 252 1765 mihi
263 1719 385 1765 obediendo
401 1735 447 1766 non
461 1721 577 1780 provehis
589 1717 663 1775 Creti,
692 1721 766 1781 coepit
776 1721 847 1768 edere.

198 1791 222 1828 et
233 1783 303 1829 vitare
314 1783 416 1844 injuriam
427 1784 484 1829 hanc
494 1789 517 1828 et
528 1784 639 1829 damnum.
724 1789 756 1830 56
774 1783 859 1830 Omnes
867 1779 919 1830 verd
927 1800 995 1844 quum
1002 1785 1050 1845 jam
1058 1785 1155 1832 animum

231 1850 263 1891 22
281 1847 326 1892 Sed
337 1862 397 1892 nunc
405 1847 510 1892 adhortor
519 1863 561 1894 vos
572 1854 596 1892 ut
605 1849 664 1892 bono
693 1847 833 1908 recepissent,
845 1853 986 1906 sumpserunt
994 1856 1017 1895 et
1028 1849 1068 1908 ipsi
1076 1849 1155 1894 ciburn.

200 1911 273 1956 animo
290 1911 351 1956 sitis:
366 1912 455 1972 jactura
473 1911 532 1956 enim
550 1911 610 1956 nulla
624 1911 666 1956 erit
725 1914 757 1955 57
774 1910 871 1956 Eramus
882 1917 954 1956 autem
972 1911 1075 1957 universa
1085 1913 1156 1972 capita

200 1975 329 2034 cujusquam
340 1989 370 2020 ex
385 1975 453 2029 vobis,
470 1975 508 2020 sed
523 1981 609 2020 tantum
624 1990 665 2020 na·
693 1973 717 2020 in
728 1973 818 2034 navigio
829 1974 924 2020 ducenta
934 1975 1073 2035 septuaginta
1083 1990 1129 2020 sex

201 2039 241 2084 uis.
725 2041 757 2083 58
776 2035 894 2086 Caeterbm
913 2039 985 2084 satiati
1002 2039 1056 2093 cibo,
1075 2039 1156 2086 ailera-

233 2105 265 2146 25
281 2101 376 2152 Adstitit
394 2102 454 2147 enim
471 2101 524 2146 mihi
541 2098 583 2148 hic
599 2109 666 2148 nocte
693 2101 746 2148 bant
754 2103 835 2158 navim,
844 2102 983 2165 projicientes
991 2103 1156 2151 frumentumin

201 2163 294 2226 angelus
311 2165 365 2220 Dei,
381 2167 444 2228 cujus
462 2180 510 2211 sum
526 2181 576 2226 ego,
589 2173 613 2212 et
630 2166 664 2212 cui
694 2181 761 2212 mare.

117 2261 122 2272 .
201 2230 266 2274 etiam
278 2230 358 2283 servio,
726 2233 758 2276 59
775 2229 852 2282 Quum
863 2237 937 2276 autem
953 2231 999 2276 dies
1015 2238 1077 2276 ortus
1092 2238 1156 2286 esset,

233 2296 266 2338 24
283 2292 377 2347 Dicens,
390 2291 428 2338 Ne
442 2299 523 2346 metue,
536 2291 621 2349 Paule3
638 2307 665 2338 o·
695 2300 775 2338 terram
795 2293 854 2338 illam
873 2309 919 2338 non
938 2295 1102 2354 agnoscebant:
1127 2295 1156 2340 si·

202 2363 274 2418 portet
285 2363 307 2402 te
320 2355 410 2403 Caesari
428 2357 489 2402 sisti:
502 2366 532 2402 'et
541 2372 599 2410 ecce,
611 2372 665 2402 con·
695 2371 749 2402 num
764 2353 817 2401 verd
833 2357 941 2414 quendam
958 2357 1158 2412 animadverterunt

203 2421 294 2466 donavit
311 2421 349 2466 tibi
370 2419 435 2466 Deus
451 2434 528 2470 omnes
543 2421 580 2481 qui
593 2427 665 2466 tecum
694 2420 811 2465 habentem
830 2419 898 2473 littus,
917 2420 940 2464 in
960 2435 1025 2478 quem
1043 2420 1158 2466 consilium

203 2485 316 2544 navigant.
695 2490 804 2544 ceperant,
817 2482 834 2528 si
846 2489 942 2543 possent,
954 2483 1062 2544 expellere
1077 2485 1159 2532 navim.

234 2551 265 2594 25
285 2547 407 2608 Propterea
421 2547 481 2592 bono
499 2547 573 2592 animo
588 2553 666 2600 estote,
727 2550 760 2592 40
776 2545 888 2592 Anchoris
906 2547 974 2607 igitur
993 2546 1089 2599 sublatis,
1109 2562 1159 2608 per·

204 2611 260 2656 vrri:
280 2611 347 2656 credo
357 2612 417 2656 enim
427 2610 524 2664 Deo,ita
532 2611 580 2656 fore
588 2627 666 2670 quem·
696 2610 803 2656 miserunt
814 2627 863 2656 eam
875 2611 936 2664 mari,
947 2611 1012 2656 simul
1022 2611 1101 2657 laxatis
1110 2612 1157 2658 vin·

204 2675 321 2720 admodum
334 2675 438 2734 loquutus
449 2681 484 2719 est
494 2675 554 2720 mihi.
695 2673 751 2720 culis
759 2675 973 2735 gubernaculorum:
993 2682 1015 2721 et
1027 2675 1111 2722 sublato
1122 2691 1158 2721 er·

235 2741 267 2784 26
284 2737 313 2784 In
323 2738 418 2784 insulam
430 2744 503 2784 autern
512 2738 620 2798 quandam
632 2737 665 2784 in·
696 2744 785 2785 temone
796 2739 894 2785 adventi
905 2739 992 2794 flatum,
1004 2740 1122 2786 tendebant
1133 2739 1161 2786 ed

205 2801 276 2848 cidere
287 2817 328 2847 nos
339 2807 434 2862 oportet.
696 2801 764 2848 littus.

236 2869 274 2928 27,
285 2862 405 2913 caeterum
421 2865 494 2924 quum'
506 2864 668 2924 quartadecima
729 2870 757 2910 41
778 2866 822 2912 Sed
833 2883 901 2927 quum
912 2867 1041 2913 incidissent
1052 2866 1160 2912 inlocum

205 2943 250 2975 nox
261 2929 392 2982 advenisset,
409 2935 432 2974 et
445 2929 579 2990 Jactaremur
595 2929 618 2973 in
632 2929 667 2974 A·
696 2927 807 2982 bimarem,
817 2931 957 2990 impegerunt
966 2945 1060 2975 navemz
1074 2945 1100 2974 ac
1108 2945 1160 2988 pro·

205 2991 257 3046 urit,
268 2999 349 3038 nautae
359 2992 418 3038 circa
428 2992 524 3038 medium
536 2991 607 3037 noctis
619 3007 668 3037 sus·
697 3007 722 3038 ra
742 2988 831 3052 quidem
850 2991 919 3037 iniixa
939 2993 1041 3040 manebat
1063 2991 1161 3047 immota,

206 3057 269 3117 picati
294 3062 347 3102 sunt
372 3057 545 3118 appropinquare
567 3056 606 3101 sibi
628 3055 669 3101 uli·
697 3056 776 3116 puppis
787 3051 840 3100 veni
852 3054 976 3100 solvebatur
990 3069 1042 3114 prae
1054 3054 1162 3100 undarum

206 3135 270 3180 quam
282 3121 403 3180 regionem
698 3115 810 3164 violentiis.

237 3187 268 3228 28
286 3183 318 3228 Et
336 3180 430 3228 demissi
447 3182 519 3229 bolide
537 3181 671 3228 invenerunt
731 3185 762 3226 42
780 3179 880 3226 Militum
891 3185 965 3225 sutem
981 3177 1097 3224 consilium
1109 3187 1163 3236 erat,

206 3259 282 3308 passus
293 3246 390 3307 viginti:
409 3245 669 3306 etpaulnlumindepro·
699 3251 724 3291 ut
740 3245 827 3290 vinctos
844 3243 984 3296 trucidarent,
1000 3241 1084 3302 nequis,
1096 3257 1163 3304 quum

206 3311 284 3372 gressi,
291 3325 379 3355 rursum
391 3307 485 3355 demissi
495 3309 567 3355 bolide
578 3310 670 3354 invene·
698 3305 814 3361 enatisset,
826 3306 939 3368 effugeret.

206 3381 259 3420 tunt
268 3388 347 3436 passus
357 3373 489 3432 quindecim.
732 3377 764 3417 45
781 3372 825 3417 Sed
837 3371 936 3417 centurio
945 3369 1021 3415 volens
1033 3384 1164 3419 conservare

239 3441 271 3484 29
287 3437 447 3496 Timentesque
464 3451 492 3482 ne
508 3451 552 3496 quo
570 3436 635 3480 modo
647 3434 670 3480 in
702 3435 804 3487 Paulum,
816 3434 926 3496 prohibuit
942 3449 980 3479 eos
997 3434 1023 3478 ab
1037 3433 1079 3478 hoc
1090 3435 1164 3480 consi-

207 3511 284 3562 espera
300 3500 350 3546 loca
366 3501 494 3554 inciderent,
509 3501 575 3561 jactis
587 3515 599 3544 e
613 3513 670 3559 pup·
700 3501 730 3546 lio
740 3517 747 3555 3
759 3500 870 3561 jussitque
881 3505 906 3543 ut
922 3497 958 3558 qui
975 3503 1066 3556 possent
1082 3505 1164 3553 natare,

210 3577 229 3626 pr
249 3564 351 3612 anchoris
367 3571 468 3625 quatuor,
488 3564 592 3624 optabant
613 3561 671 3607 ditm
701 3563 820 3624 abjicerent
830 3577 853 3608 se
863 3563 953 3622 primos,
962 3568 985 3606 et
993 3560 1015 3605 in
1023 3568 1103 3607 terram
1111 3577 1162 3610 eve·

214 3628 267 3672 uiri.
702 3627 796 3672 derent2

241 3694 274 3736 50
294 3685 442 3743 Qunm‘verd
460 3695 540 3735 nautae
559 3687 673 3734 studerent
735 3693 768 3734 44
783 3687 873 3747 Reliqui
884 3683 937 3732 verd
953 3688 1032 3748 partim
1049 3688 1071 3734 in
1081 3687 1160 3736 nbula

211 3751 287 3804 lisere
298 3769 311 3799 e
322 3753 380 3808 navi,
389 3760 412 3800 et
419 3753 559 3860 demisissent
569 3749 672 3811 scapham
702 3753 782 3812 partim
793 3751 923 3804 quibusdam
934 3752 997 3798 navis
1005 3749 1149 3814 fragmentis
