2756 4320
583 381 699 439 ΒΗΘΔ,
723 379 819 430 XXIV.

220 494 332 540 stttleloc
347 506 414 553 rpsrs3
436 453 538 538 nescrudl
554 489 613 536 enim
630 489 682 549 quid
713 483 757 535 und
778 497 883 549 sequutae
909 502 923 534 a
943 483 1050 542 Guibet,
1077 487 1177 536 ridente·

219 555 305 602 latiam.
339 555 464 602 Partientes
479 551 533 601 verri
550 554 682 600 vestitneuta
713 553 762 598 ista

218 621 381 682 ejusjeeerunt
392 628 481 665 sortem.
746 620 778 663 50
793 618 811 676 1
824 613 884 660 Tum
903 629 961 668 eccu
980 614 1069 674 quidam
1088 615 1179 661 nomina

255 687 287 730 55
305 681 337 729 Fr
358 683 428 729 stabat
449 681 543 744 populus
564 687 679 742 mecona:
713 678 832 740 Josepbus,
861 685 955 732 senator,
983 679 1120 725 virbonus
1152 693 1179 725 ac

218 747 292 792 sannis
305 756 377 792 autern
395 746 532 807 excipiebant
547 759 598 790 eunt
615 745 681 790 etiam
708 745 790 806 justus,

218 811 325 872 primores
345 825 396 856 cum
418 811 457 864 cis,
485 810 589 861 dicentes,
619 807 682 854 Alios
746 811 773 854 51
794 805 854 860 (Qui
867 804 1106 851 uonasseususiuerat
1122 820 1178 852 cou-
1258 807 1261 812 “

218 875 330 928 servavit3
353 882 427 920 servet
443 873 546 934 seipsum,
563 872 581 917 si
596 871 633 921 hio
648 878 683 918 est
713 871 762 918 silio
778 885 804 916 ec
819 869 879 915 sacto
895 867 992 928 eorum)
1010 869 1178 918 ortusdrma·

220 936 324 986 Christus
335 938 372 983 rlle
382 938 466 984 electus
477 937 513 982 ille
526 935 578 981 Dei.
713 933 783 989 baed,
795 934 884 980 civitate
890 932 1042 989 Judaeorum;
1058 934 1096 994 qui
1104 933 1180 996 etipse

249 1005 282 1048 36
300 1000 425 1048 illudebant
435 1009 509 1047 autem
520 1000 586 1046 etiam
601 999 622 1044 ei
638 998 681 1044 mi·
713 999 853 1060 exspectabat
864 1012 959 1058 regnum
972 995 1034 1042 Dei:

219 1063 273 1120 lates,
290 1067 426 1120 accedentes,
447 1073 471 1111 et
487 1073 573 1110 acetum
589 1063 610 1109 ei
627 1062 682 1108 orta.
746 1067 777 1108 52
795 1061 848 1115 Hic,
860 1063 962 1122 inquom,
980 1060 1056 1108 adiens
1073 1059 1177 1118 Pilatum,

219 1141 299 1183 tenta,
712 1127 775 1188 petiit
786 1141 866 1188 corpus
877 1124 939 1172 Jesu.

250 1196 281 1241 at
299 1193 458 1254 Dicentesque,
476 1192 500 1239 Si
511 1200 535 1239 tu
547 1189 682 1238 eallexflle
746 1193 778 1237 53
795 1189 828 1239 Et
854 1189 976 1235 detractum
1003 1187 1057 1233 illud
1083 1187 1179 1237 invasit

220 1253 361 1311 iudaeorum,
373 1273 437 1302 serva
447 1257 594 1316 temetipsum.
713 1254 812 1308 sindone,
837 1254 955 1315 posuitque
976 1251 1031 1298 illud
1051 1252 1074 1298 in
1096 1267 1177 1299 monu-

254 1324 287 1368 58
307 1321 364 1367 Erat
385 1328 458 1366 autem
480 1320 546 1365 etiam
568 1317 681 1378 inscriptio
713 1325 789 1364 mento
808 1318 867 1378 quod
888 1323 936 1362 erat
956 1315 979 1361 in
1001 1330 1056 1362 saxo
1076 1317 1178 1372 incisum,

218 1385 300 1446 scripta
311 1399 437 1446 supereum
455 1383 523 1428 literis
541 1383 641 1434 Graecis,
658 1387 681 1427 et
712 1382 791 1442 inquo
802 1381 901 1428 nondum
911 1380 1027 1442 quisquam
1038 1380 1123 1442 positus
1140 1380 1177 1427 iu·

218 1447 333 1500 Romanis,
350 1454 373 1493 et
392 1446 515 1499 Hebraicis,
535 1443 598 1492 Hic
618 1443 682 1491 EST
712 1453 767 1492 erat
844 1456 847 1461 '

218 1511 291 1558 REX
303 1509 385 1556 ILLE
397 1507 619 1556 IVDAEORVM.
745 1513 777 1556 54
794 1504 865 1555 Porrd
876 1508 922 1554 dies
938 1513 986 1554 crat
1003 1523 1139 1570 parasceves,
1156 1516 1178 1556 et

249 1579 281 1622 59
297 1578 314 1636 1
324 1574 390 1621 Unus
401 1581 474 1620 autent
485 1588 514 1620 ex
525 1572 629 1619 maleficis
643 1572 681 1634 qui
711 1575 824 1620 sabbatum
835 1572 971 1618 succedebat

217 1647 280 1686 erant
296 1639 402 1700 suspensi,
424 1638 587 1684 conviciabatur
603 1637 630 1692 el,
646 1637 680 1682 di·
744 1641 776 1684 55
788 1635 1009 1696 Subsequutaeetiam
1016 1635 1179 1696 mulieresquaa

217 1719 276 1758 cens,
289 1703 313 1749 Si
322 1711 346 1748 tu
354 1718 379 1748 cs
389 1701 491 1759 Christus
499 1702 541 1755 ille,
553 1708 576 1747 et
586 1703 681 1763 teipsum
711 1716 762 1747 cum
774 1717 801 1748 eo
811 1706 919 1746 venerant
929 1713 958 1762 ert
970 1696 1075 1762 Galilasti,
1092 1698 1178 1760 spectri-

217 1775 240 1814 ct
251 1783 292 1814 nos
303 1782 373 1813 serva.
714 1773 766 1811 runt
784 1763 960 1817 monumentum,
980 1765 1125 1824 etquomodo
1136 1780 1177 1826 po-

249 1835 282 1877 40
298 1831 445 1892 Respondent
457 1838 530 1877 autem
541 1829 596 1876 alter
607 1830 681 1891 objur·
714 1830 780 1876 situm
791 1835 850 1874 esset
860 1828 1003 1906 corpusepus.

218 1895 282 1958 gavit
303 1911 361 1948 eum,
384 1896 465 1948 dicens,
489 1894 526 1941 Ne
547 1901 572 1940 tu
593 1895 681 1954 quidem
746 1897 778 1940 56
794 1892 908 1939 Reversae
919 1906 972 1938 uero
983 1902 1116 1952 paraverunt
1126 1907 1177 1938 aro·

182 1993 191 2008 ,
219 1959 296 2006 Deum
306 1960 376 2012 times,
389 1973 456 2019 quum
464 1959 486 2004 in
495 1955 571 2004 eidem
581 1958 610 2004 sis
619 1959 681 2004 dam·
713 1965 773 2004 mata
788 1963 811 2003 et
830 1961 959 2017 unguenta3
976 1969 1002 2000 ae
1020 1956 1108 2001 sabbato
1127 1956 1177 2016 qui·

187 2029 189 2035 ’
219 2023 326 2070 natione?
712 2021 763 2066 dem
785 2021 922 2082 quieverunt,
942 2016 1064 2066 secundum
1080 2021 1173 2066 manda·

251 2089 280 2132 st
300 2085 332 2132 Et
344 2101 384 2130 nos
392 2084 479 2144 quidem
487 2079 549 2146 juste
560 2085 621 2146 (nam
631 2083 681 2144 dig·
713 2093 768 2131 tum.

219 2165 247 2196 aa
263 2149 327 2196 factis
344 2146 489 2209 recipimus3)
505 2149 548 2194 iste
564 2145 617 2195 verti
629 2147 682 2194 nihil

218 2214 322 2260 indecens
335 2212 394 2257 iacit.
677 2228 679 2234 ¹
854 2209 929 2259 CAP.
951 2209 1049 2256 XXIV.

250 2282 282 2323 42
300 2276 409 2338 Dixitque
424 2275 487 2331 Jesu,
511 2275 616 2331 Domine,
634 2291 682 2322 me·
769 2275 860 2322 RIMO
879 2284 953 2322 autem
973 2277 1011 2321 die
1029 2275 1178 2330 hebdomadts,

218 2349 294 2388 mento
305 2341 355 2395 mci,
372 2355 440 2402 quum
451 2341 538 2388 ueneris
549 2355 572 2386 rn
588 2355 682 2402 reguum
801 2339 911 2402 profundo
930 2339 1025 2386 diluculo
1043 2339 1131 2386 iverunt
1150 2341 1178 2386 ad

219 2413 289 2452 nsunt.
714 2411 891 2457 monumentum,
918 2402 1015 2450 ferentes
1036 2419 1092 2464 quae
1113 2419 1178 2464 para·

250 2473 282 2515 43
298 2468 538 2522 TuncdixiteiJesus,
551 2467 683 2514 Amendieo
714 2475 792 2514 verant
809 2475 914 2522 aromata,
944 2474 967 2513 et
984 2467 1103 2514 nonnullae
1125 2481 1176 2514 cum

218 2533 263 2586 tibi,
275 2533 339 2579 hodie
351 2547 439 2578 mecum
450 2533 493 2578 eris
504 2533 526 2577 in
538 2533 645 2592 paradiso.
713 2532 772 2593 ipsis.

249 2600 283 2641 44
299 2599 314 2656 q
327 2595 383 2642 Erat
391 2603 464 2641 autem
476 2596 537 2656 quasi
548 2597 603 2641 hora
613 2601 682 2649 sexta,
710 2597 714 2604 “
746 2600 761 2641 2
779 2593 916 2641 Invenerunt
927 2602 999 2642 autem
1011 2609 1088 2642 suum
1099 2593 1178 2640 avolu-

217 2667 240 2707 et
248 2661 351 2705 tenebrae
358 2658 429 2704 factae
437 2665 489 2704 sunt
499 2659 523 2704 in
534 2655 581 2704 toti
592 2659 683 2720 regione
713 2667 761 2705 tum
772 2655 785 2704 a
796 2665 948 2705 monumento

218 2722 513 2782 usqueadlroramnonam.
745 2727 762 2769 5
779 2723 811 2769 Et
832 2723 952 2782 ingressae,
979 2737 1024 2770 nou
1046 2723 1178 2768 inuenerunt

251 2789 283 2832 45
300 2785 334 2831 Et
345 2784 498 2830 obtenebratus
509 2783 594 2838 estaol,
610 2791 631 2830 et
643 2800 682 2831 au·
714 2802 794 2848 eorpus
806 2785 970 2834 DomiuiJesu.

220 2849 291 2896 laeum
303 2849 379 2909 templi
390 2847 466 2892 fissum
477 2857 512 2894 est
522 2848 626 2895 medium.
729 2853 730 2856 ’
747 2855 763 2896 4
780 2849 812 2896 Et
823 2850 957 2906 factumest,
969 2857 994 2897 ut
1006 2850 1057 2896 dum
1069 2850 1092 2894 in
1110 2846 1137 2895 erl
1153 2865 1178 2896 re

251 2917 283 2960 46
301 2910 422 2972 Quumque
430 2909 546 2958 clamisset
554 2927 610 2959 voce
617 2927 682 2974 mag·
714 2914 854 2969 haesitarent,
866 2921 913 2960 turn
924 2929 983 2968 ecce,
994 2915 1038 2960 duo
1050 2914 1177 2976 virisuper-

220 2974 249 3024 nd
267 2976 342 3030 JesuS,
360 2976 397 3029 ait,
416 2975 491 3031 Pater,
508 2976 531 3022 in
544 2991 623 3023 manus
633 2983 684 3022 tuas
714 2979 817 3025 venerint
827 2978 865 3033 eis,
876 2977 947 3024 induti
956 2979 1052 3024 vestibus
1060 2975 1165 3038 fulgurati

219 3042 307 3102 depono
326 3041 426 3103 spiritum
445 3055 536 3087 meum:
564 3039 597 3088 Et
615 3056 683 3102 quum
715 3043 789 3088 tibus:

220 3121 273 3153 naec
284 3105 383 3159 dixisset,
393 3104 509 3165 expiravit.
595 3143 597 3146 .
746 3105 857 3160 storum
868 3111 942 3152 autem
950 3105 1105 3168 expavescebas
1113 3105 1176 3152 incli-

251 3172 282 3217 47
300 3169 379 3224 Quum
390 3169 482 3216 vidisset
492 3180 566 3217 sutem
583 3168 683 3214 centurio
715 3178 794 3216 starent
803 3169 882 3216 faciem
893 3169 916 3216 in
928 3177 1015 3224 terram,
1027 3170 1130 3216 dixerunt
1138 3171 1178 3224 eis,

181 3243 185 3247 '
220 3235 280 3295 quod
290 3233 373 3279 iactum
385 3231 463 3286 isserat,
482 3231 615 3294 glorificavit
632 3231 682 3278 De·
716 3233 777 3286 Quid
787 3234 845 3280 inter
855 3241 956 3280 mortuos
966 3234 1070 3295 quaeritis
1080 3249 1131 3280 eum
1140 3233 1178 3295 qui

220 3313 264 3352 sm,
285 3297 368 3352 dicens,
392 3291 499 3343 Verebie
521 3297 589 3343 bomo
605 3296 682 3358 justus
713 3297 788 3343 vivit?

218 3367 273 3410 erat.
746 3365 761 3408 6
778 3359 833 3407 Nou
844 3368 877 3407 est
888 3361 930 3414 hic,
942 3361 980 3407 sed
992 3361 1109 3407 suscitatus
1125 3369 1175 3410 est.

251 3428 282 3470 48
303 3423 332 3471 Et
343 3423 416 3470 onrrris
427 3423 490 3470 turba
500 3438 556 3483 quae
572 3421 637 3468 simul
655 3423 683 3468 ad
714 3433 856 3478 mementote,
878 3432 903 3470 ut
924 3424 1028 3484 loquutus
1054 3425 1083 3470 sit
1108 3426 1177 3480 vobis,

220 3500 261 3536 tot
272 3489 421 3550 spectaculum
432 3494 560 3541 accesserat,
581 3493 682 3548 spectans
713 3503 781 3549 quum
793 3489 864 3534 adhue
875 3489 898 3534 in
911 3486 1010 3536 Galilaed
1020 3496 1085 3542 esset,
1100 3519 1103 3523 -

217 3551 338 3614 qtrmiacttr
349 3551 443 3606 fueraut,
460 3553 577 3598 verberans
593 3560 683 3612 pectora
746 3554 760 3598 7
778 3551 870 3601 Dicens,
884 3552 979 3614 oprtet
991 3551 1071 3606 Filium
1081 3553 1177 3599 lrtmmrs

218 3631 260 3666 ssa
270 3617 426 3662 revertebatur.
708 3615 768 3662 ,tradi
790 3616 813 3661 in
835 3632 914 3662 manus
935 3617 1050 3664 hominum
1073 3623 1175 3678 peccato·

249 3683 282 3725 49
300 3677 391 3724 Stabant
401 3689 475 3726 autern
486 3693 565 3724 omnes
576 3677 622 3723 noti
634 3679 681 3739 ejus
713 3694 768 3732 rum,
785 3690 808 3726 et
816 3679 923 3742 crucifigi,
941 3688 964 3727 et
975 3681 1010 3728 die
1020 3680 1086 3727 tertio
1104 3695 1171 3727 resur-

216 3740 300 3797 procul,
318 3746 342 3787 et
353 3741 530 3844 mulieqe‘poquse
546 3747 609 3788 crant
630 3757 681 3788 eum
728 3757 766 3789 ere
