2720 4312
383 405 531 456 JOANNIS
547 404 785 460 APOCALYPSIS,
809 404 852 460 IV,
875 405 905 452 V.

133 501 134 508 ἵ
170 511 216 565 vsi,
237 518 261 557 et
282 509 349 558 sedes
370 525 422 556 cum
444 509 511 556 Patre
533 525 583 555 meo
605 510 628 555 in
693 513 723 555 10
739 508 885 556 Procidebant
898 511 1071 572 vigintiquatuor
1087 512 1115 559 itt

171 576 246 620 hrono
257 576 313 636 ejus.
659 574 756 620 seniores
763 581 813 619 ante
822 574 882 620 illurn
891 575 1022 621 insidentem
1030 577 1117 629 throno,

198 642 229 685 22
247 639 294 692 Qui
308 638 372 683 habet
389 653 471 692 aurern,
488 637 560 684 audiat
576 636 629 698 quid
659 637 876 682 etadorabautiiium
889 637 1034 684 viventemin
1045 640 1118 686 secula

169 702 261 764 Spiritus
270 703 327 748 dicat
339 701 443 748 ecclesiis.
659 700 789 753 seculorum,
801 711 823 746 et
834 703 961 761 obiciebant
968 719 1061 750 coronas
1069 711 1118 750 suut

200 794 202 798 »
658 775 710 808 ante
723 764 832 818 thronum,
845 766 948 818 dicentes,

328 825 402 876 CAP.
420 825 465 874 lv.
694 829 720 872 li
740 827 832 888 Dignus
842 843 873 882 es,
891 827 997 883 Domine,
1014 830 1050 890 qui
1062 845 1119 876 acci·

222 891 331 938 osTEn
339 893 390 946 vidi,
398 899 420 938 et
428 907 486 945 ecce,
494 890 630 936 ostiumernt
658 890 706 952 piss
722 890 823 952 gloriam,
841 899 863 936 et
881 892 995 946 honorem,
1013 902 1036 939 et
1049 895 1118 941 virtu·

231 965 332 1018 apertum
340 957 363 1002 in
372 957 449 1002 coeio:
468 963 543 1000 etvox
553 954 629 1016 prima,
659 961 720 1000 tem:
744 953 796 1014 quia
812 961 836 999 tu
853 957 932 1000 creasti
949 957 1029 1010 omnia,
1048 964 1070 1004 st
1081 973 1117 1019 pas

169 1033 231 1080 quam
251 1021 377 1066 audiveram
394 1026 498 1079 tanquam
515 1018 579 1064 tubae
594 1018 629 1062 lo·
660 1017 796 1067 voluntatem
806 1025 866 1064 tuam
878 1025 936 1073 sunt,
948 1027 971 1066 et
981 1028 1053 1068 creata
1061 1031 1115 1066 suit

168 1084 254 1144 quantis
263 1098 357 1136 mecum,
366 1081 457 1136 dicebat,
467 1081 571 1128 Ascende
579 1081 629 1134 buc,

168 1153 189 1194 et
206 1147 320 1192 ostendam
339 1147 376 1192 tibi
393 1161 450 1208 quae
467 1152 567 1206 oporteat
582 1144 629 1191 fieri
830 1142 903 1192 csP.
921 1141 950 1192 V.

168 1212 265 1272 posthac.
727 1205 839 1254 EINDE
857 1209 900 1254 vidi
914 1209 942 1254 sd
957 1208 1057 1256 dextram
1074 1225 1120 1273 quo

195 1277 214 1318 ’2
232 1273 310 1320 Statim
322 1274 390 1334 igitur
400 1271 432 1318 fui
446 1277 561 1332 correptus
578 1270 629 1332 spi·
753 1271 790 1332 qui
812 1272 919 1318 insidebat
939 1274 1019 1320 throno
1041 1274 1119 1322 librum
1166 1282 1174 1296 “

169 1338 223 1382 ritu:
242 1345 265 1383 et
275 1353 334 1390 ecce,
351 1338 443 1382 thronus
453 1335 538 1397 positus
548 1342 595 1381 erat
605 1335 629 1381 in
660 1333 765 1396 seriptum
777 1331 835 1380 intirs
846 1343 869 1381 et
877 1351 890 1382 a
899 1344 969 1398 tergo,
980 1337 1118 1400 obsignatum

168 1401 235 1455 coelo,
246 1408 269 1446 et
279 1403 374 1461 quidam
387 1401 466 1445 throno
478 1399 590 1445 insidebat.
659 1397 736 1459 sigillis
744 1408 835 1458 septem.

198 1469 214 1509 5
232 1463 255 1510 Is
266 1472 340 1510 autern
352 1463 389 1524 qui
398 1464 491 1514 sedebat,
500 1469 589 1524 aspectu
598 1461 629 1508 si·
692 1466 707 1506 2
724 1460 756 1508 Et
768 1463 811 1508 vidi
822 1463 922 1523 angelon.
938 1463 1024 1518 fortem,
1033 1465 1118 1526 penedi·

169 1528 224 1574 mihis
235 1535 282 1574 erat
293 1527 358 1588 lapidi
365 1527 446 1589 jaspidi
463 1534 485 1572 et
502 1525 574 1572 sardio
581 1543 589 1582 ς
606 1531 630 1571 et
659 1531 746 1571 cantem
757 1541 813 1572 voce
824 1525 910 1586 magnii,
926 1527 984 1582 Quis
995 1537 1029 1574 est
1039 1529 1119 1590 dignus

168 1591 190 1636 in
202 1593 292 1638 circuitu
304 1593 378 1636 throni
388 1599 437 1637 erat
449 1591 487 1636 iris
497 1598 586 1652 aspectu
598 1589 628 1635 si·
659 1589 720 1648 quia
749 1589 885 1645 riatiibrum,
902 1599 924 1638 et
939 1592 1010 1638 solvat
1025 1594 1072 1654 ejus
1089 1595 1118 1639 si·

168 1655 224 1701 milis
234 1655 359 1716 smaragdo.
659 1603 748 1714 gilinie

199 1723 215 1764 t
232 1719 263 1765 Et
271 1720 295 1764 in
303 1719 395 1764 circuitu
402 1717 474 1763 throni
482 1722 545 1762 erant
555 1715 629 1762 throni
691 1721 707 1762 3
724 1715 798 1761 Nemo
812 1725 884 1762 autern
901 1725 992 1777 poterat,
1010 1734 1081 1778 neque
1097 1722 1118 1766 in

169 1782 349 1844 vigintiquatuor,
367 1790 389 1828 et
406 1797 471 1843 super
487 1796 526 1826 eos
537 1781 629 1826 thronos
659 1779 731 1835 coelo,
750 1794 820 1840 neque
836 1781 858 1824 in
877 1779 939 1833 terri,
960 1797 1030 1840 neque
1046 1784 1118 1830 subter

169 1847 211 1892 vidi
224 1847 397 1908 vigintiquatuor
407 1845 504 1890 seniores
521 1844 628 1906 sedentes,
659 1849 746 1895 terram,
758 1843 841 1904 aporire
849 1843 934 1898 librum,
947 1859 1017 1904 neque
1025 1860 1076 1891 eum
1084 1846 1118 1892 in·

168 1911 259 1956 amictos
280 1911 378 1956 vestibus
399 1909 459 1963 albis,
481 1915 504 1954 et
525 1908 629 1953 habentes
659 1907 749 1968 spicere.

114 1965 121 1973 ’
168 1974 279 2035 impositas
297 1973 402 2034 capitibus
419 1973 464 2018 suis
479 1987 572 2018 coronas
588 1986 628 2017 au·
692 1969 814 2017 4Flebarn
824 1969 891 2031 igitur
899 1985 942 2032 ego
951 1967 1051 2025 muhdar,
1060 1968 1118 2032 qudd

169 2052 222 2083 teas.
660 2049 725 2080 nemo
742 2035 822 2094 dignus
837 2035 940 2080 inventus
951 2043 1008 2082 esset
1019 2036 1055 2095 qui
1067 2051 1119 2096 ape·

199 2106 214 2147 5
231 2099 352 2146 Prodihsnt
363 2107 436 2146 autem
450 2113 479 2145 ex
494 2097 532 2144 illo
549 2097 629 2144 throno
660 2099 713 2144 riret
727 2106 750 2144 et
766 2098 850 2160 legeret
866 2099 951 2154 iihrum,
968 2114 1008 2146 nec
1019 2100 1057 2160 qui
1068 2115 1119 2146 eum
1154 2126 1157 2132 ·

168 2163 260 2226 fulgura,
272 2171 295 2210 et
306 2165 408 2218 tonitrua,
419 2170 442 2209 et
450 2177 529 2208 voces:
548 2169 629 2222 etsep·
659 2160 782 2223 inspiceret.

167 2233 211 2274 tem
233 2228 344 2288 lampades
370 2228 424 2288 igne
450 2227 551 2272 ardentes
578 2232 630 2271 ante
692 2225 784 2273 5Tum
796 2241 852 2271 unus
863 2240 892 2272 ex
903 2225 1023 2272 senioribus
1036 2226 1077 2272 iliis
1086 2227 1119 2272 di-

168 2292 278 2347 thronum,
296 2306 352 2352 quae
371 2299 423 2338 sunt
440 2287 524 2352 septem
541 2288 629 2350 spiritus
660 2288 690 2334 cit
707 2290 767 2342 mihi,
785 2289 823 2334 Ne
838 2289 891 2334 fleto
897 2305 904 2345 ς
928 2303 985 2341 ecce,
1003 2290 1056 2336 vicit
1070 2289 1119 2336 Leo

167 2353 220 2401 Dei.
659 2353 696 2398 ille
706 2368 734 2398 ex
745 2353 802 2399 tribu
813 2351 878 2406 Juda,
892 2353 958 2412 stirps
969 2353 1005 2397 itta
1017 2352 1119 2408 Davidis,

198 2423 214 2464 6
231 2417 286 2464 Erat
303 2417 369 2463 etiam
385 2424 436 2463 ante
453 2417 556 2462 thronum
568 2429 629 2462 mare
659 2424 684 2462 ut
702 2417 784 2478 aperiat
801 2416 885 2470 librum,
905 2426 927 2462 et
946 2415 1017 2462 solvat
1036 2425 1119 2478 septem

167 2481 262 2527 vitreum
284 2481 354 2526 simile
376 2480 498 2542 crystallo:
528 2487 551 2524 et
572 2480 629 2524 inter
659 2481 705 2542 ejus
717 2479 795 2540 sigilla.

168 2545 277 2598 thronum,
290 2551 311 2590 et
322 2560 378 2604 quae
387 2546 489 2590 thronum
499 2543 628 2595 ambiebant,
691 2549 706 2590 6
724 2543 808 2603 Aspexi
820 2543 893 2604 igitur,
900 2551 922 2588 et
929 2558 986 2596 ecce,
994 2543 1051 2588 inter
1057 2544 1118 2589 thro·

167 2617 260 2669 quatuor
281 2609 382 2662 animalia
403 2608 467 2668 plena
489 2607 557 2652 oculis
577 2601 628 2651 ante*
659 2622 719 2660 num,
732 2615 754 2652 ct
765 2617 858 2666 quatuor
867 2607 903 2652 illa
911 2607 1017 2660 animalia,
1029 2616 1052 2653 et
1063 2609 1119 2654 inter

167 2679 189 2718 et
200 2669 265 2718 retrd.
658 2672 755 2716 seniores
773 2671 828 2724 iilos,
847 2669 928 2731 Agnus
945 2679 1005 2717 stans
1016 2680 1119 2731 tanquam

199 2735 321 2782 'Isinirnal
338 2741 411 2781 autern
428 2733 523 2794 primurn
540 2733 627 2778 eratsi·
658 2742 771 2790 mactatus,
794 2736 875 2781 habens
894 2750 977 2781 cornua
995 2745 1078 2796 septem
1097 2742 1119 2782 et
1145 2725 1151 2746 ¹

167 2799 218 2846 mile
234 2799 300 2853 leoni,
319 2806 342 2844 et
359 2798 480 2844 secundum
498 2797 576 2842 animai
597 2797 627 2841 si·
646 2799 734 2844 *oculos
752 2807 842 2858 septem,
862 2799 898 2858 qui
919 2806 971 2846 suut
988 2809 1071 2861 septem
1089 2799 1119 2845 itti

167 2863 218 2910 mile
229 2863 304 2916 vitulo,
321 2861 628 2916 ettertiumanimaihabens
659 2863 746 2922 spiritus
769 2862 813 2911 Dei
833 2863 906 2908 omissi
924 2864 945 2909 in
966 2878 1054 2909 ornnem
1074 2871 1118 2908 ter·

167 2925 243 2972 faciem
255 2927 316 2972 velut
331 2927 405 2980 homo,
422 2930 445 2969 et
461 2934 562 2984 quartum
579 2923 626 2968 ani·
659 2941 712 2970 ram.

167 2990 209 3036 mal
221 2990 290 3036 simile
298 2989 382 3050 aquilae
394 2987 483 3034 volanti.
691 2992 705 3034 7
723 2985 747 3032 Is
769 2988 829 3033 venit
851 2994 873 3032 et
892 2987 975 3047 accepit
994 2987 1071 3034 librum
1091 3003 1119 3036 ts
1186 2990 1192 2995 ”

198 3057 213 3098 8
230 3053 263 3100 Et
273 3061 366 3114 quatuor
377 3053 478 3098 animalia
489 3049 575 3112 singula
590 3065 629 3110 per
658 3048 735 3097 dextri
746 3050 803 3097 illius
814 3052 893 3096 throno
902 3051 1023 3097 insidentis.

168 3132 215 3162 sese
231 3117 337 3163 habebant
356 3116 402 3162 alas
418 3131 482 3160 senas
494 3113 516 3159 in
528 3115 627 3168 circuitu,
691 3119 705 3160 8
718 3114 839 3174 Quumque
846 3113 1055 3174 accepissctlibrurn,
1064 3127 1118 3174 qua·

168 3192 188 3226 et
206 3178 266 3226 intds
285 3181 352 3241 plena
370 3186 433 3225 erant
451 3179 527 3231 oculis,
550 3177 585 3223 die
601 3192 627 3223 ac
659 3185 710 3224 tuor
728 3178 766 3238 iila
783 3177 885 3224 animalia
903 3184 925 3223 et
946 3177 1117 3238 vigintiquatuor

168 3252 232 3290 nocte
259 3245 307 3290 sine
336 3242 498 3288 intermissione
527 3241 627 3295 dicentia,
658 3242 689 3288 iiii
698 3242 801 3296 seniores,
809 3241 948 3303 prociderunt
956 3256 1031 3286 eoram
1042 3241 1117 3302 Agna,

168 3309 267 3362 Sanctus,
281 3308 381 3360 Sanctus,
395 3307 495 3359 Sanctus,
513 3303 628 3350 Dominus
659 3306 763 3352 habentes
780 3305 861 3366 singuli
879 3305 980 3358 citharas,
998 3311 1021 3350 et
1036 3305 1114 3364 phiala

171 3369 231 3420 Deus
243 3372 279 3417 ille
291 3377 437 3431 omnipotens,
456 3368 519 3423 Erat,
537 3375 560 3414 et
577 3367 627 3422 Est,
658 3384 734 3415 aureas
755 3369 831 3429 plenas
853 3369 972 3424 suffituum,
993 3383 1049 3428 quae
1068 3383 1113 3428 sun

168 3443 188 3480 st
200 3435 314 3480 Venturos
325 3442 363 3480 est.
658 3447 734 3494 preces
746 3441 879 3478 sanctorum.

197 3503 212 3546 9
229 3499 262 3544 Et
270 3513 338 3559 quum
348 3495 471 3542 tribuebant
480 3495 516 3542 ilia
526 3493 628 3540 animalia
692 3500 706 3542 9
723 3494 756 3540 Et
766 3496 894 3541 cecinerunt
904 3494 1013 3540 canticum
1027 3509 1117 3551 novunq

168 3561 266 3620 niarium,
287 3569 310 3608 et
327 3562 441 3612 bonorem,
464 3566 486 3605 et
507 3559 628 3620 gratiarum
659 3559 762 3612 dicentes,
782 3558 874 3620 Dignus
889 3575 913 3604 es
928 3559 965 3618 qui
982 3557 1074 3618 accipias
1091 3559 1115 3605 li·

152 3647 155 3668 r
169 3625 274 3672 actionem
286 3625 306 3672 ei
321 3625 358 3684 qui
374 3625 454 3668 throno
466 3622 577 3676 insidebat,
590 3622 628 3677 illi,
658 3623 728 3676 hrum,
748 3629 770 3668 et
789 3623 872 3684 aperias
890 3623 937 3684 ejus
954 3621 1039 3681 sigilla;
1063 3639 1118 3683 quo·

168 3703 268 3750 osquam,
295 3688 379 3735 viventi
400 3687 423 3732 in
445 3687 519 3733 secuda
540 3685 627 3732 seculo·
659 3686 718 3732 niam
736 3693 843 3732 mactatus
861 3701 891 3738 es,
909 3694 932 3732 et
949 3686 1059 3732 redemisti
1079 3702 1118 3734 nos

166 3767 220 3802 m,
404 3813 419 3866 ἵ
662 3745 714 3794 Deo
723 3763 762 3812 per
780 3751 910 3810 sanguinem
928 3757 997 3800 tuum.
1014 3765 1043 3797 ex
1059 3755 1116 3798 orum
