2756 4320
578 406 693 464 tera,
713 405 748 456 ll.

208 519 237 560 rt)
253 484 643 573 litquumesseutlntentisiucoe·
672 506 1140 574 sumusquedieonsursdmroreptm

175 579 218 623 hm
229 576 305 630 oculis,
316 591 345 625 eo
356 574 520 638 proficiscente.
532 589 590 629 ecce,
601 574 643 622 viri
672 583 708 622 est
717 590 731 622 a
741 576 811 629 uobis,
823 590 892 621 unum
903 574 950 622 lieri
962 575 1077 622 nobiscum
1094 581 1138 624 us·

173 643 216 688 duo
227 640 359 686 adstiterunt
370 639 416 685 illie
427 639 478 686 albo
488 639 578 685 vestitu.
672 644 717 686 tem
729 639 895 686 resurrectionis
905 641 959 732 ‘lu'

207 707 234 750 ll
254 703 301 758 Qui
312 704 460 757 etdixerunt,
473 702 523 749 Vtri
541 701 641 756 Grlilaei,
705 706 737 756 25
754 703 884 750 statuerunt
901 703 970 765 igtur
987 703 1051 761 duos,
1070 701 1138 752 Jon-

173 768 226 828 quid
241 768 304 814 statis
319 768 435 814 intuentes
445 767 469 813 in
483 766 590 813 coelum?
607 767 643 812 hic
672 766 740 827 phum
750 775 852 814 vocatum
866 763 992 821 Barsabam,
1003 767 1041 828 qui
1051 782 1139 830 cogno-

174 831 241 880 Jesus
251 832 289 892 qui
301 846 389 877 sursum
401 837 504 892 receptus
514 837 549 876 est
558 845 572 876 a
580 830 643 877 vobis
673 831 798 877 minabatur
807 830 894 884 Justus.
905 839 929 878 et
940 831 1068 879 Matthiam.

174 896 196 941 in
208 895 303 950 coelum,
318 895 351 942 ita
365 895 441 940 veniet
457 894 642 954 quenadmodum
705 898 737 940 24
754 893 786 941 Et
792 903 908 956 precantes
913 894 1023 949 dixerunt,
1032 894 1076 949 Tu,
1087 893 1138 942 Do·

172 959 321 1070 &peristis
342 973 395 1006 eum
421 957 598 1020 proficiscentem
619 958 643 1004 iu
672 957 788 1068 pnjnetrpui
797 958 976 1068 pprdaomnhpm
984 957 1127 1068 ppgpqmosteu

239 1038 270 1069 m.
711 1037 726 1067 u
764 1035 786 1066 m
819 1035 892 1082 egens
903 1035 932 1067 ex
958 1037 976 1068 u
1077 1039 1084 1068 ι

209 1090 240 1132 12
256 1085 324 1132 Tunc
340 1091 423 1132 rev'ersr
438 1092 491 1132 sunt
508 1084 643 1146 Hierosoly·
705 1088 736 1132 25
755 1084 790 1131 Ut
806 1085 898 1146 accipiat
919 1092 1002 1132 nortem
1023 1085 1139 1132 miniaterli

173 1164 235 1196 mam
243 1164 258 1197 s
265 1156 342 1196 monte
353 1150 389 1210 qui
402 1157 494 1196 vocatur
506 1149 596 1204 Oliveti,
604 1148 643 1209 qui
672 1148 738 1209 hujus
749 1156 772 1195 et
783 1148 926 1210 apostolatbr,
942 1163 957 1196 a
972 1163 1017 1209 quo
1032 1148 1140 1196 uerum

173 1212 490 1324 “tpffilt'lllmlym'
507 1213 592 1260 distans
606 1213 642 1259 iti·
672 1211 985 1325 Ιυιὲἒιὶιιώίιῖῑὶίηὶίωωη
994 1227 1070 1322 ιιειιιιῐιι.
1130 1291 1137 1306 .

175 1293 241 1387 net1²5
258 1339 291 1387 Et
306 1309 374 1402 qirum
391 1340 525 1394 introissent,
536 1339 643 1386 amende·
672 1346 696 1387 et
711 1291 856 1387 cecidileidils
873 1291 940 1402 agripldl
955 1290 1137 1402 dlbttbismmdlul

176 1412 229 1451 nunt
239 1405 263 1452 io
271 1405 423 1458 coenaculum,
430 1405 466 1450 ubl
474 1405 643 1451 commoraban-
672 1405 827 1451 commuuibtr
836 1403 925 1451 calculis
935 1405 1026 1452 allectus
1037 1413 1072 1452 est
1087 1419 1139 1452 cum

175 1475 248 1516 tutet
259 1467 347 1523 Petrus,
358 1475 382 1514 et
392 1467 496 1523 Jacobm,
505 1467 643 1522 etJoannes,
673 1468 775 1515 undecim
786 1469 898 1531 spostolis.

175 1539 200 1579 et
221 1532 331 1586 Andreas,
355 1531 477 1594 Philippus,
495 1540 519 1579 et
535 1531 643 1587 Thomas,

175 1595 644 1649 BartholomaeusetMatthaeusJacobus
840 1594 914 1644 CAP.
938 1594 972 1644 ΙΙ.

174 1661 248 1772 flius
262 1660 363 1722 Alphoei,
374 1667 398 1706 et
415 1661 493 1707 Simon
508 1659 604 1715 Zelotes,
621 1666 645 1706 et
737 1659 818 1708 UUM
839 1668 913 1707 autem
940 1661 1065 1707 advenisset
1091 1661 1138 1708 dies

193 1723 249 1770 udos
260 1722 429 1785 Jacoblfroter.
524 1766 529 1768 .
768 1723 1075 1778 Pentecosteserautomues
1083 1739 1138 1770 cou-

212 1791 243 1833 14
260 1786 295 1834 Hi
306 1803 384 1834 omnes
394 1787 541 1850 perdurabant
548 1801 643 1834 concor·
673 1787 770 1834 corditer
780 1784 859 1834 eddern
869 1789 920 1834 loci.

176 1851 235 1898 diter
246 1851 269 1896 in
280 1852 380 1898 oratione
391 1859 414 1897 et
424 1852 585 1912 deprecatione,
593 1866 644 1898 cum
707 1855 723 1897 2
738 1850 799 1897 Tum
810 1851 896 1897 exstitit
914 1845 1005 1911 repent
1021 1850 1107 1896 sonitus
1125 1866 1139 1898 e

176 1915 290 1970 uxoribus,
299 1927 322 1961 et
331 1913 406 1962 Mariti
413 1923 484 1962 matre
491 1914 554 1970 Jeeu,
563 1922 644 1962 etcum
674 1915 744 1969 coelo,
756 1923 860 1974 tunquam
872 1915 955 1960 ruentis
965 1913 1032 1960 flatus
1038 1913 1137 1968 violenti,

98 1978 101 1983 ’
177 1979 248 2042 ipsius
255 1979 366 2026 fratribus.
674 1979 712 2040 qui
721 1978 814 2040 replerit
824 1985 893 2025 totam
912 1978 1003 2024 domum
1023 1977 1059 2024 ubi
1074 1985 1138 2025 eraut

213 2046 243 2090 15
260 2043 293 2089 Et
303 2059 342 2105 per
350 2043 442 2089 eosdies
450 2055 518 2104 quum
529 2055 645 2089 assurrex-
674 2043 823 2090 considentes.

176 2107 232 2154 isset
254 2106 336 2154 Petrus
351 2107 375 2152 in
390 2107 464 2153 medio
480 2107 644 2168 discipulorum,
705 2108 772 2154 5Et
782 2108 842 2154 visae
850 2112 902 2154 sunt
911 2105 944 2152 cis
955 2105 1081 2168 dispertitae
1095 2105 1139 2152 lin·

177 2172 234 2218 dixit
246 2171 305 2234 (erat
320 2179 394 2217 autem
411 2172 475 2218 turbt
489 2171 586 2232 cupitum
603 2168 644 2218 ed·
673 2172 811 2234 guninstar
821 2171 887 2233 ignis,
893 2171 936 2232 qui
941 2171 1007 2217 etiam
1014 2171 1140 2232 seditsuper

177 2236 229 2282 dem
240 2237 286 2282 loci
294 2235 356 2295 quasi
367 2242 457 2286 centum
469 2233 568 2296 viginti),
674 2249 854 2295 unumquemque
862 2249 948 2281 eorum.

213 2302 244 2346 16
263 2299 312 2345 Vni
333 2298 419 2353 fratres,
441 2299 540 2360 oportuit
560 2297 645 2360 impleri
706 2298 828 2360 tRepleti
839 2304 975 2344 suntoutem
992 2311 1069 2343 omnes
1090 2297 1141 2357 Spi-

179 2362 317 2424 Scripturam
327 2363 392 2417 hauc,
403 2377 470 2423 quam
478 2363 586 2409 praedixit
593 2363 645 2424 Spi-
674 2361 719 2409 ritu
731 2363 820 2414 Sancto,
831 2368 996 2422 coeperuntque
1014 2360 1074 2420 loqui
1092 2361 1141 2407 aliis

179 2427 235 2472 ritus
247 2427 342 2472 Sanctus
352 2441 393 2488 per
402 2442 429 2473 os
441 2425 542 2482 Dormis,
557 2427 586 2474 de
601 2425 645 2474 Ju·
674 2426 763 2488 linguis,
780 2432 847 2487 prout
863 2424 958 2486 Spiritus
974 2423 1011 2470 ille
1030 2424 1094 2470 dabat
1111 2424 1142 2472 eis

179 2488 262 2551 disqui
273 2490 316 2536 fuit
326 2491 372 2536 dux
383 2491 432 2538 vise
446 2491 474 2537 iis
489 2491 527 2552 qui
543 2505 645 2554 compre-
675 2489 743 2536 effari.
905 2511 908 2516 ·

180 2555 306 2601 henderunt
315 2553 408 2602 Jesum:
709 2558 724 2601 5
742 2553 815 2600 Erant
825 2549 879 2599 verti
896 2550 1062 2612 Hierosolymis
1081 2551 1142 2598 habi·

215 2621 244 2664 17
261 2618 646 2665 Annumerabaturenimnobircum
677 2625 750 2665 tantos
760 2617 847 2672 Judaei,
859 2616 900 2664 viri
912 2617 1016 2678 religiosi,
1033 2630 1063 2662 ex
1079 2616 1141 2678 ornui

179 2688 203 2728 et
210 2682 354 2728 sortituserat
361 2689 444 2728 sortem
450 2683 566 2728 ministerii
574 2683 646 2744 hujus.
677 2683 767 2729 nab'one
777 2695 854 2729 eorum
865 2680 903 2742 qui
915 2681 955 2728 rub
965 2680 1028 2728 coelo
1038 2689 1101 2728 sunt.

215 2749 244 2792 18
261 2745 287 2792 Is
307 2746 376 2807 igitur
391 2746 508 2807 requisivit
522 2761 602 2808 agrum
618 2759 648 2792 ex
710 2751 726 2794 6
744 2747 802 2793 Orto
812 2746 937 2794 autemhoc
949 2761 1043 2800 rumore,
1058 2761 1142 2792 conve·

179 2810 281 2856 mercede
301 2810 437 2872 injustitiam
453 2818 477 2857 et
492 2810 647 2872 praecipitatus
677 2811 712 2856 nit
727 2809 853 2866 multitudo,
870 2817 894 2856 et
911 2810 1005 2856 confusa
1022 2810 1065 2856 luit
1081 2807 1141 2870 qudd

180 2873 265 2935 crepuit
275 2874 367 2930 medius,
380 2881 404 2920 et
419 2873 489 2921 effusa
504 2881 558 2921 sunt
573 2873 648 2921 omnia
678 2875 763 2921 audiret
774 2875 923 2935 unusquisque
934 2873 974 2920 suia
991 2871 1079 2936 proprii
1098 2873 1141 2920 liu·

180 2937 264 2984 viscera
275 2939 329 3000 ejus.
677 2936 723 3000 gud
733 2939 793 3000 ipsos
803 2939 926 2998 loquentes.

214 3005 244 3050 19
262 2999 407 3062 Iunotuitque
418 3001 647 3048 omnibushobitauti·
710 3006 725 3049 7
743 3002 932 3062 obstupescebant
942 3006 1016 3045 autom
1026 3013 1104 3044 omnes
1115 3013 1141 3044 ac
1220 2993 1224 2999 ⁴

180 3065 221 3112 bus
240 3062 417 3126 Hierosolymt;
437 3063 493 3112 sded
509 3073 535 3112 ut
555 3072 648 3112 vocetur
677 3065 818 3119 mirabantur,
845 3063 943 3108 dicentes
964 3062 999 3107 alii
1026 3061 1054 3106 ad
1081 3061 1142 3116 ulios

180 3144 235 3190 eger
245 3127 377 3191 illepropriri
385 3129 483 3191 ipsorum
491 3127 569 3192 lingui
578 3129 647 3176 Acel·
679 3128 769 3180 Nonne,
781 3142 839 3180 ecce,
851 3139 928 3170 omnes
939 3125 975 3170 isti
991 3124 1028 3184 qui
1046 3121 1142 3184 loquun-

180 3193 251 3247 dnma,
260 3194 303 3239 hoc
313 3201 355 3248 est,
367 3194 432 3254 Ager
442 3194 566 3255 sanguinis.
678 3199 715 3238 tur
727 3191 820 3238 Galilaei
833 3188 903 3235 sunt?

212 3260 245 3303 20
261 3257 372 3318 Scriptum
380 3256 647 3304 asteniminlibroPsal·
711 3253 865 3310 SQuomodo
885 3251 954 3314 igitur
974 3267 1017 3298 nos
1042 3249 1144 3298 andimus

181 3335 274 3375 morum,
287 3319 647 3384 Flatcommoratioejusdeserta,
678 3336 717 3366 eos
735 3316 775 3366 sui
791 3319 883 3379 quisque
903 3313 1020 3378 lingulis
1037 3311 1082 3376 qui
1099 3321 1144 3362 usa

181 3399 203 3431 tt
214 3399 260 3430 non
270 3385 299 3432 sit
310 3385 347 3445 qui
358 3385 471 3431 habitatin
480 3383 513 3432 eti„
531 3385 570 3440 Et,
579 3384 647 3446 Epis·
678 3383 774 3432 sumus?

181 3457 283 3509 sopatum
295 3451 345 3512 ejus
355 3449 447 3511 accipiat
457 3451 520 3497 alius.
711 3453 726 3496 9
744 3447 820 3494 Parthi
832 3453 855 3492 et
866 3444 937 3496 Medi,
954 3449 977 3490 et
988 3441 1106 3497 Elamitae,
1123 3449 1145 3490 et

214 3515 241 3556 21
261 3511 357 3574 Oportet
367 3512 476 3572 igiturex
494 3513 521 3560 iis
537 3512 592 3558 viris
610 3512 647 3573 qui
678 3514 715 3573 qui
736 3511 853 3558 incolimus
881 3507 1074 3568 Mesopotamiam,
1102 3505 1147 3554 Ju·¹

181 3576 294 3622 nobiscum
310 3585 464 3624 converterunt
483 3585 531 3623 toto
548 3584 647 3638 tempore
680 3577 805 3635 duramque,
817 3582 840 3620 et
852 3571 1021 3632 cappadociam,
1039 3569 1146 3627 Pontum,
1167 3635 1170 3640 Ι

183 3653 225 3699 quo
237 3637 351 3687 Dominus
362 3639 429 3687 lesus
440 3650 541 3687 versatus
548 3647 582 3686 est
590 3641 649 3686 inter
680 3648 704 3686 et
715 3639 801 3692 Asiam,

184 3715 230 3756 uos,
712 3707 743 3750 10
772 3699 901 3761 Pluygism
934 3705 958 3744 et
985 3697 1146 3762 Pamphyliam,

213 3770 244 3812 ⁹2
261 3765 364 3814 Exortus
376 3763 649 3872 spartismodoanniqad
680 3767 818 3829 Aegyptum,
829 3771 853 3810 et
863 3767 936 3826 partes
948 3761 1033 3826 Libyae
1046 3777 1100 3826 quat
1110 3768 1142 3810 est
