<?xml version="1.0" encoding="UTF-8"?>
<!DOCTYPE html PUBLIC "-//W3C//DTD XHTML 1.0 Transitional//EN"
    "http://www.w3.org/TR/xhtml1/DTD/xhtml1-transitional.dtd">
<html xmlns="http://www.w3.org/1999/xhtml" xml:lang="en" lang="en">
 <head>
  <title>
</title>
<meta http-equiv="Content-Type" content="text/html;charset=utf-8" />
  <meta name='ocr-system' content='tesseract 3.04.00' />
  <meta name='ocr-capabilities' content='ocr_page ocr_carea ocr_par ocr_line ocrx_word'/>
</head>
<body>
  <div class='ocr_page' id='page_1' title='image "./novumtestamentu03unkngoog_0171.png"; bbox 0 0 2756 4320; ppageno 0'>
   <div class='ocr_carea' id='block_1_1' title="bbox 539 409 761 464">
    <p class='ocr_par' dir='ltr' id='par_1_1' title="bbox 539 409 761 464">
     <span class='ocr_line' id='line_1_1' title="bbox 539 409 761 464; baseline 0 -7"><span class='ocrx_word' id='word_1_1' title='bbox 539 409 665 464; x_wconf 59' lang='lat' dir='ltr'>‚ACTAE</span> <span class='ocrx_word' id='word_1_2' title='bbox 689 410 761 458; x_wconf 79' lang='lat' dir='ltr'>XXI.</span> 
     </span>
    </p>
   </div>
   <div class='ocr_carea' id='block_1_2' title="bbox 164 513 1128 896">
    <p class='ocr_par' dir='ltr' id='par_1_2' title="bbox 164 513 1122 578">
     <span class='ocr_line' id='line_1_2' title="bbox 164 513 1122 578; baseline 0.002 -16"><span class='ocrx_word' id='word_1_3' title='bbox 164 529 204 562; x_wconf 80' lang='lat' dir='ltr'><strong>scs</strong></span> <span class='ocrx_word' id='word_1_4' title='bbox 223 515 263 574; x_wconf 89' lang='lat' dir='ltr'><strong>qui</strong></span> <span class='ocrx_word' id='word_1_5' title='bbox 285 531 341 562; x_wconf 87' lang='lat' dir='ltr'><strong>cum</strong></span> <span class='ocrx_word' id='word_1_6' title='bbox 366 531 395 562; x_wconf 88' lang='lat' dir='ltr'><strong>eo</strong></span> <span class='ocrx_word' id='word_1_7' title='bbox 416 531 513 569; x_wconf 86' lang='lat' dir='ltr'><strong>eramus,</strong></span> <span class='ocrx_word' id='word_1_8' title='bbox 536 515 637 562; x_wconf 80' lang='lat' dir='ltr'><strong>venimus</strong></span> <span class='ocrx_word' id='word_1_9' title='bbox 665 515 790 562; x_wconf 86' lang='lat' dir='ltr'><strong>cumcidere</strong></span> <span class='ocrx_word' id='word_1_10' title='bbox 799 514 863 571; x_wconf 85' lang='lat' dir='ltr'><strong>lilios,</strong></span> <span class='ocrx_word' id='word_1_11' title='bbox 880 531 951 578; x_wconf 88' lang='lat' dir='ltr'><strong>nsque</strong></span> <span class='ocrx_word' id='word_1_12' title='bbox 961 513 1122 564; x_wconf 64' lang='lat' dir='ltr'><strong>mundiari-</strong></span> 
     </span>
    </p>

    <p class='ocr_par' dir='ltr' id='par_1_3' title="bbox 166 575 831 640">
     <span class='ocr_line' id='line_1_3' title="bbox 166 575 831 640; baseline 0 -14"><span class='ocrx_word' id='word_1_13' title='bbox 166 575 316 626; x_wconf 70' lang='lat' dir='ltr'><strong>cessaream</strong></span> <span class='ocrx_word' id='word_1_14' title='bbox 337 587 361 626; x_wconf 89' lang='lat' dir='ltr'><strong>et</strong></span> <span class='ocrx_word' id='word_1_15' title='bbox 371 580 469 640; x_wconf 81' lang='lat' dir='ltr'><strong>ingressi</strong></span> <span class='ocrx_word' id='word_1_16' title='bbox 481 580 571 625; x_wconf 89' lang='lat' dir='ltr'><strong>domum</strong></span> <span class='ocrx_word' id='word_1_17' title='bbox 582 579 636 624; x_wconf 78' lang='lat' dir='ltr'><strong>Phi·</strong></span> <span class='ocrx_word' id='word_1_18' title='bbox 667 586 702 624; x_wconf 91' lang='lat' dir='ltr'><strong>tus</strong></span> <span class='ocrx_word' id='word_1_19' title='bbox 713 580 831 626; x_wconf 79' lang='lat' dir='ltr'><strong>ambulare·</strong></span> 
     </span>
    </p>

    <p class='ocr_par' dir='ltr' id='par_1_4' title="bbox 165 641 1125 706">
     <span class='ocr_line' id='line_1_4' title="bbox 165 641 1125 706; baseline 0.003 -18"><span class='ocrx_word' id='word_1_20' title='bbox 165 641 216 702; x_wconf 60' lang='lat' dir='ltr'><strong>ippi</strong></span> <span class='ocrx_word' id='word_1_21' title='bbox 232 644 388 703; x_wconf 78' lang='lat' dir='ltr'><strong>evengelistae</strong></span> <span class='ocrx_word' id='word_1_22' title='bbox 406 644 456 706; x_wconf 86' lang='lat' dir='ltr'><strong>(qui</strong></span> <span class='ocrx_word' id='word_1_23' title='bbox 473 651 523 690; x_wconf 90' lang='lat' dir='ltr'><strong>erat</strong></span> <span class='ocrx_word' id='word_1_24' title='bbox 538 659 595 689; x_wconf 84' lang='lat' dir='ltr'><strong>unus</strong></span> <span class='ocrx_word' id='word_1_25' title='bbox 610 656 639 688; x_wconf 87' lang='lat' dir='ltr'><strong>ex</strong></span> <span class='ocrx_word' id='word_1_26' title='bbox 699 646 730 688; x_wconf 74' lang='lat'><strong>22</strong></span> <span class='ocrx_word' id='word_1_27' title='bbox 748 643 808 696; x_wconf 83' lang='lat' dir='ltr'><strong>Quid</strong></span> <span class='ocrx_word' id='word_1_28' title='bbox 818 650 852 690; x_wconf 89' lang='lat' dir='ltr'><strong>est</strong></span> <span class='ocrx_word' id='word_1_29' title='bbox 862 643 937 704; x_wconf 82' lang='lat' dir='ltr'><strong>ergo?</strong></span> <span class='ocrx_word' id='word_1_30' title='bbox 958 644 1050 690; x_wconf 89' lang='lat' dir='ltr'><strong>omnino</strong></span> <span class='ocrx_word' id='word_1_31' title='bbox 1061 661 1125 706; x_wconf 85' lang='lat' dir='ltr'><strong>opor·</strong></span> 
     </span>
    </p>

    <p class='ocr_par' dir='ltr' id='par_1_5' title="bbox 175 705 1127 831">
     <span class='ocr_line' id='line_1_5' title="bbox 175 705 1127 767; baseline 0.003 -15"><span class='ocrx_word' id='word_1_32' title='bbox 175 705 208 752; x_wconf 88' lang='lat' dir='ltr'><strong>llis</strong></span> <span class='ocrx_word' id='word_1_33' title='bbox 219 705 326 766; x_wconf 85' lang='lat' dir='ltr'><strong>septem),</strong></span> <span class='ocrx_word' id='word_1_34' title='bbox 338 709 464 753; x_wconf 81' lang='lat' dir='ltr'><strong>mansimus</strong></span> <span class='ocrx_word' id='word_1_35' title='bbox 475 707 534 767; x_wconf 88' lang='lat' dir='ltr'><strong>apud</strong></span> <span class='ocrx_word' id='word_1_36' title='bbox 546 722 604 752; x_wconf 90' lang='lat' dir='ltr'><strong>eum.</strong></span> <span class='ocrx_word' id='word_1_37' title='bbox 667 712 699 751; x_wconf 81' lang='lat' dir='ltr'><strong>tet</strong></span> <span class='ocrx_word' id='word_1_38' title='bbox 720 708 839 753; x_wconf 86' lang='lat' dir='ltr'><strong>convenire</strong></span> <span class='ocrx_word' id='word_1_39' title='bbox 859 708 1037 754; x_wconf 84' lang='lat' dir='ltr'><strong>multitudinem:</strong></span> <span class='ocrx_word' id='word_1_40' title='bbox 1066 710 1127 755; x_wconf 87' lang='lat' dir='ltr'><strong>audi·</strong></span> 
     </span>
     <span class='ocr_line' id='line_1_6' title="bbox 201 769 914 831; baseline 0 -15"><span class='ocrx_word' id='word_1_41' title='bbox 201 774 216 816; x_wconf 88' lang='lat'><strong>9</strong></span> <span class='ocrx_word' id='word_1_42' title='bbox 232 769 296 815; x_wconf 88' lang='lat' dir='ltr'>Huic</span> <span class='ocrx_word' id='word_1_43' title='bbox 308 778 384 816; x_wconf 88' lang='lat' dir='ltr'><strong>autern</strong></span> <span class='ocrx_word' id='word_1_44' title='bbox 395 778 460 816; x_wconf 87' lang='lat' dir='ltr'><strong>erant</strong></span> <span class='ocrx_word' id='word_1_45' title='bbox 476 779 570 831; x_wconf 85' lang='lat' dir='ltr'><strong>quatuor</strong></span> <span class='ocrx_word' id='word_1_46' title='bbox 580 770 638 816; x_wconf 82' lang='lat' dir='ltr'><strong>filiae</strong></span> <span class='ocrx_word' id='word_1_47' title='bbox 667 779 706 814; x_wconf 90' lang='lat' dir='ltr'><strong>ent</strong></span> <span class='ocrx_word' id='word_1_48' title='bbox 716 771 775 815; x_wconf 88' lang='lat' dir='ltr'><strong>enim</strong></span> <span class='ocrx_word' id='word_1_49' title='bbox 787 779 809 817; x_wconf 89' lang='lat' dir='ltr'><strong>te</strong></span> <span class='ocrx_word' id='word_1_50' title='bbox 820 771 914 817; x_wconf 85' lang='lat' dir='ltr'><strong>venisse.</strong></span> 
     </span>
    </p>

    <p class='ocr_par' dir='ltr' id='par_1_6' title="bbox 173 833 1128 896">
     <span class='ocr_line' id='line_1_7' title="bbox 173 833 1128 896; baseline 0.004 -19"><span class='ocrx_word' id='word_1_51' title='bbox 173 833 266 892; x_wconf 82' lang='lat' dir='ltr'><strong>virgines</strong></span> <span class='ocrx_word' id='word_1_52' title='bbox 277 836 445 894; x_wconf 84' lang='lat' dir='ltr'><strong>prophetantes</strong></span> <span class='ocrx_word' id='word_1_53' title='bbox 700 837 731 878; x_wconf 78' lang='lat'><strong>25</strong></span> <span class='ocrx_word' id='word_1_54' title='bbox 749 833 802 880; x_wconf 90' lang='lat' dir='ltr'><strong>Hoc</strong></span> <span class='ocrx_word' id='word_1_55' title='bbox 812 835 881 896; x_wconf 85' lang='lat' dir='ltr'><strong>igitur</strong></span> <span class='ocrx_word' id='word_1_56' title='bbox 893 834 928 880; x_wconf 87' lang='lat' dir='ltr'><strong>fac</strong></span> <span class='ocrx_word' id='word_1_57' title='bbox 943 835 1003 894; x_wconf 91' lang='lat' dir='ltr'><strong>quod</strong></span> <span class='ocrx_word' id='word_1_58' title='bbox 1019 835 1057 880; x_wconf 88' lang='lat' dir='ltr'><strong>tibi</strong></span> <span class='ocrx_word' id='word_1_59' title='bbox 1074 836 1128 881; x_wconf 90' lang='lat' dir='ltr'><strong>dici·</strong></span> 
     </span>
    </p>
   </div>
   <div class='ocr_carea' id='block_1_3' title="bbox 204 896 1206 958">
    <p class='ocr_par' dir='ltr' id='par_1_7' title="bbox 204 896 1206 958">
     <span class='ocr_line' id='line_1_8' title="bbox 204 896 1206 958; baseline 0.004 -16"><span class='ocrx_word' id='word_1_60' title='bbox 204 901 234 942; x_wconf 92' lang='grc'><strong>10</strong></span> <span class='ocrx_word' id='word_1_61' title='bbox 250 897 284 943; x_wconf 86' lang='lat' dir='ltr'><strong>Et</strong></span> <span class='ocrx_word' id='word_1_62' title='bbox 295 913 364 957; x_wconf 93' lang='lat' dir='ltr'><strong>quum</strong></span> <span class='ocrx_word' id='word_1_63' title='bbox 376 896 426 944; x_wconf 81' lang='lat' dir='ltr'><strong>illic</strong></span> <span class='ocrx_word' id='word_1_64' title='bbox 441 897 638 958; x_wconf 73' lang='lat' dir='ltr'>permansissemus</span> <span class='ocrx_word' id='word_1_65' title='bbox 668 910 733 942; x_wconf 86' lang='lat' dir='ltr'><strong>mus:</strong></span> <span class='ocrx_word' id='word_1_66' title='bbox 759 897 817 944; x_wconf 86' lang='lat' dir='ltr'>Sunt</span> <span class='ocrx_word' id='word_1_67' title='bbox 830 899 892 944; x_wconf 88' lang='lat' dir='ltr'><strong>nobis</strong></span> <span class='ocrx_word' id='word_1_68' title='bbox 909 899 949 942; x_wconf 89' lang='lat' dir='ltr'><strong>viri</strong></span> <span class='ocrx_word' id='word_1_69' title='bbox 965 906 1059 957; x_wconf 89' lang='lat' dir='ltr'><strong>quatuor</strong></span> <span class='ocrx_word' id='word_1_70' title='bbox 1075 908 1128 946; x_wconf 77' lang='lat' dir='ltr'><strong>voto</strong></span> <span class='ocrx_word' id='word_1_71' title='bbox 1202 944 1206 954; x_wconf 89' lang='grc'>,</span> 
     </span>
    </p>
   </div>
   <div class='ocr_carea' id='block_1_4' title="bbox 173 958 1130 1086">
    <p class='ocr_par' dir='ltr' id='par_1_8' title="bbox 173 958 1130 1086">
     <span class='ocr_line' id='line_1_9' title="bbox 173 958 770 1021; baseline -0.002 -15"><span class='ocrx_word' id='word_1_72' title='bbox 173 961 217 1006; x_wconf 80' lang='lat' dir='ltr'><strong>diss</strong></span> <span class='ocrx_word' id='word_1_73' title='bbox 232 961 365 1021; x_wconf 80' lang='lat' dir='ltr'>complures,</span> <span class='ocrx_word' id='word_1_74' title='bbox 377 962 492 1008; x_wconf 87' lang='lat' dir='ltr'><strong>descendit</strong></span> <span class='ocrx_word' id='word_1_75' title='bbox 507 977 537 1008; x_wconf 89' lang='lat' dir='ltr'><strong>ex</strong></span> <span class='ocrx_word' id='word_1_76' title='bbox 552 958 639 1008; x_wconf 78' lang='lat' dir='ltr'><strong>Judeei</strong></span> <span class='ocrx_word' id='word_1_77' title='bbox 668 961 770 1006; x_wconf 88' lang='lat' dir='ltr'><strong>obnoxii:</strong></span> 
     </span>
     <span class='ocr_line' id='line_1_10' title="bbox 173 1022 1130 1086; baseline 0.002 -18"><span class='ocrx_word' id='word_1_78' title='bbox 173 1022 263 1084; x_wconf 77' lang='lat' dir='ltr'><strong>quidam</strong></span> <span class='ocrx_word' id='word_1_79' title='bbox 271 1026 380 1084; x_wconf 90' lang='lat' dir='ltr'><strong>propheta</strong></span> <span class='ocrx_word' id='word_1_80' title='bbox 389 1026 481 1070; x_wconf 88' lang='lat' dir='ltr'><strong>nomine</strong></span> <span class='ocrx_word' id='word_1_81' title='bbox 492 1025 586 1086; x_wconf 78' lang='lat' dir='ltr'>Agabus</span> <span class='ocrx_word' id='word_1_82' title='bbox 597 1041 605 1081; x_wconf 80' lang='lat'>3</span> <span class='ocrx_word' id='word_1_83' title='bbox 701 1027 733 1068; x_wconf 79' lang='lat'><strong>24</strong></span> <span class='ocrx_word' id='word_1_84' title='bbox 745 1023 790 1070; x_wconf 90' lang='lat' dir='ltr'><strong>His</strong></span> <span class='ocrx_word' id='word_1_85' title='bbox 795 1023 919 1084; x_wconf 85' lang='lat' dir='ltr'><strong>assumptis,</strong></span> <span class='ocrx_word' id='word_1_86' title='bbox 927 1023 1073 1070; x_wconf 82' lang='lat' dir='ltr'><strong>sanctificator</strong></span> <span class='ocrx_word' id='word_1_87' title='bbox 1078 1040 1130 1074; x_wconf 85' lang='lat' dir='ltr'><strong>cuns</strong></span> 
     </span>
    </p>
   </div>
   <div class='ocr_carea' id='block_1_5' title="bbox 206 1087 1233 1148">
    <p class='ocr_par' dir='ltr' id='par_1_9' title="bbox 206 1087 1233 1148">
     <span class='ocr_line' id='line_1_11' title="bbox 206 1087 1233 1148; baseline 0.003 -15"><span class='ocrx_word' id='word_1_88' title='bbox 206 1091 233 1133; x_wconf 94' lang='lat' dir='ltr'><strong>ll</strong></span> <span class='ocrx_word' id='word_1_89' title='bbox 254 1088 301 1142; x_wconf 88' lang='lat' dir='ltr'><strong>Qui</strong></span> <span class='ocrx_word' id='word_1_90' title='bbox 309 1104 377 1148; x_wconf 89' lang='lat' dir='ltr'><strong>quum</strong></span> <span class='ocrx_word' id='word_1_91' title='bbox 394 1089 492 1135; x_wconf 86' lang='lat' dir='ltr'><strong>venisset</strong></span> <span class='ocrx_word' id='word_1_92' title='bbox 508 1089 536 1135; x_wconf 85' lang='lat' dir='ltr'><strong>sd</strong></span> <span class='ocrx_word' id='word_1_93' title='bbox 551 1104 600 1142; x_wconf 87' lang='lat' dir='ltr'><strong>nos,</strong></span> <span class='ocrx_word' id='word_1_94' title='bbox 616 1093 640 1134; x_wconf 89' lang='lat' dir='ltr'><strong>et</strong></span> <span class='ocrx_word' id='word_1_95' title='bbox 668 1087 707 1140; x_wconf 85' lang='lat' dir='ltr'><strong>eis,</strong></span> <span class='ocrx_word' id='word_1_96' title='bbox 719 1095 742 1132; x_wconf 91' lang='lat' dir='ltr'><strong>et</strong></span> <span class='ocrx_word' id='word_1_97' title='bbox 752 1087 842 1133; x_wconf 78' lang='lat' dir='ltr'><strong>addend</strong></span> <span class='ocrx_word' id='word_1_98' title='bbox 852 1102 929 1132; x_wconf 84' lang='lat' dir='ltr'><strong>eorum</strong></span> <span class='ocrx_word' id='word_1_99' title='bbox 940 1095 1047 1147; x_wconf 85' lang='lat' dir='ltr'><strong>sumptus,</strong></span> <span class='ocrx_word' id='word_1_100' title='bbox 1059 1096 1084 1134; x_wconf 91' lang='lat' dir='ltr'><strong>ut</strong></span> <span class='ocrx_word' id='word_1_101' title='bbox 1094 1103 1130 1136; x_wconf 80' lang='lat' dir='ltr'><strong>ra·</strong></span> <span class='ocrx_word' id='word_1_102' title='bbox 1221 1087 1233 1098; x_wconf 78' lang='lat'>&#39;</span> 
     </span>
    </p>
   </div>
   <div class='ocr_carea' id='block_1_6' title="bbox 173 1148 1189 3308">
    <p class='ocr_par' dir='ltr' id='par_1_10' title="bbox 173 1148 1131 1402">
     <span class='ocr_line' id='line_1_12' title="bbox 173 1148 1131 1212; baseline 0.004 -16"><span class='ocrx_word' id='word_1_103' title='bbox 173 1152 303 1212; x_wconf 69' lang='lat' dir='ltr'><strong>sumpsisset</strong></span> <span class='ocrx_word' id='word_1_104' title='bbox 320 1166 401 1197; x_wconf 84' lang='lat' dir='ltr'><strong>zonam</strong></span> <span class='ocrx_word' id='word_1_105' title='bbox 419 1151 491 1205; x_wconf 86' lang='lat' dir='ltr'><strong>Pauli,</strong></span> <span class='ocrx_word' id='word_1_106' title='bbox 508 1153 588 1198; x_wconf 89' lang='lat' dir='ltr'><strong>vinctis</strong></span> <span class='ocrx_word' id='word_1_107' title='bbox 599 1153 639 1197; x_wconf 84' lang='lat' dir='ltr'><strong>sibi</strong></span> <span class='ocrx_word' id='word_1_108' title='bbox 669 1150 721 1196; x_wconf 72' lang='lat' dir='ltr'><strong>dent</strong></span> <span class='ocrx_word' id='word_1_109' title='bbox 732 1151 809 1210; x_wconf 87' lang='lat' dir='ltr'><strong>capita,</strong></span> <span class='ocrx_word' id='word_1_110' title='bbox 820 1148 928 1196; x_wconf 76' lang='lat' dir='ltr'><strong>etndrint</strong></span> <span class='ocrx_word' id='word_1_111' title='bbox 939 1151 1131 1200; x_wconf 83' lang='lat' dir='ltr'><strong>omnesnihilesss</strong></span> 
     </span>
     <span class='ocr_line' id='line_1_13' title="bbox 173 1213 1130 1276; baseline 0.002 -16"><span class='ocrx_word' id='word_1_112' title='bbox 173 1216 274 1260; x_wconf 84' lang='lat' dir='ltr'><strong>manibus</strong></span> <span class='ocrx_word' id='word_1_113' title='bbox 291 1231 316 1260; x_wconf 81' lang='lat' dir='ltr'><strong>ac</strong></span> <span class='ocrx_word' id='word_1_114' title='bbox 333 1216 429 1276; x_wconf 90' lang='lat' dir='ltr'><strong>pedibus,</strong></span> <span class='ocrx_word' id='word_1_115' title='bbox 447 1215 509 1270; x_wconf 87' lang='lat' dir='ltr'><strong>dixit,</strong></span> <span class='ocrx_word' id='word_1_116' title='bbox 522 1215 588 1262; x_wconf 88' lang='lat' dir='ltr'><strong>Haec</strong></span> <span class='ocrx_word' id='word_1_117' title='bbox 604 1216 639 1260; x_wconf 88' lang='lat' dir='ltr'><strong>di·</strong></span> <span class='ocrx_word' id='word_1_118' title='bbox 669 1228 814 1273; x_wconf 85' lang='lat' dir='ltr'><strong>eorumquae</strong></span> <span class='ocrx_word' id='word_1_119' title='bbox 829 1214 857 1259; x_wconf 87' lang='lat' dir='ltr'><strong>de</strong></span> <span class='ocrx_word' id='word_1_120' title='bbox 871 1223 893 1258; x_wconf 85' lang='lat' dir='ltr'><strong>te</strong></span> <span class='ocrx_word' id='word_1_121' title='bbox 909 1213 968 1260; x_wconf 78' lang='lat' dir='ltr'><strong>sarni</strong></span> <span class='ocrx_word' id='word_1_122' title='bbox 983 1222 1130 1274; x_wconf 67' lang='lat' dir='ltr'><strong>secepenrntg</strong></span> 
     </span>
     <span class='ocr_line' id='line_1_14' title="bbox 173 1277 1130 1340; baseline -0.001 -16"><span class='ocrx_word' id='word_1_123' title='bbox 173 1281 203 1324; x_wconf 79' lang='lat' dir='ltr'><strong>ru</strong></span> <span class='ocrx_word' id='word_1_124' title='bbox 215 1278 311 1339; x_wconf 82' lang='lat' dir='ltr'><strong>Spiritus</strong></span> <span class='ocrx_word' id='word_1_125' title='bbox 323 1279 423 1333; x_wconf 84' lang='lat' dir='ltr'><strong>Sanctus,</strong></span> <span class='ocrx_word' id='word_1_126' title='bbox 436 1279 517 1325; x_wconf 90' lang='lat' dir='ltr'><strong>Virum</strong></span> <span class='ocrx_word' id='word_1_127' title='bbox 533 1282 595 1340; x_wconf 88' lang='lat' dir='ltr'><strong>cujus</strong></span> <span class='ocrx_word' id='word_1_128' title='bbox 606 1286 640 1326; x_wconf 85' lang='lat' dir='ltr'><strong>est</strong></span> <span class='ocrx_word' id='word_1_129' title='bbox 669 1277 708 1323; x_wconf 82' lang='lat' dir='ltr'><strong>sed</strong></span> <span class='ocrx_word' id='word_1_130' title='bbox 719 1284 741 1323; x_wconf 84' lang='lat' dir='ltr'><strong>te</strong></span> <span class='ocrx_word' id='word_1_131' title='bbox 752 1293 839 1338; x_wconf 89' lang='lat' dir='ltr'><strong>quoque</strong></span> <span class='ocrx_word' id='word_1_132' title='bbox 855 1277 885 1323; x_wconf 91' lang='lat' dir='ltr'><strong>ita</strong></span> <span class='ocrx_word' id='word_1_133' title='bbox 900 1277 1001 1323; x_wconf 82' lang='lat' dir='ltr'><strong>incedere</strong></span> <span class='ocrx_word' id='word_1_134' title='bbox 1018 1285 1042 1324; x_wconf 88' lang='lat' dir='ltr'><strong>ut</strong></span> <span class='ocrx_word' id='word_1_135' title='bbox 1057 1278 1130 1339; x_wconf 80' lang='lat' dir='ltr'><strong>legem</strong></span> 
     </span>
     <span class='ocr_line' id='line_1_15' title="bbox 175 1341 778 1402; baseline 0 -16"><span class='ocrx_word' id='word_1_136' title='bbox 175 1353 228 1387; x_wconf 79' lang='lat' dir='ltr'><strong>neec</strong></span> <span class='ocrx_word' id='word_1_137' title='bbox 240 1357 306 1394; x_wconf 85' lang='lat' dir='ltr'><strong>zona,</strong></span> <span class='ocrx_word' id='word_1_138' title='bbox 318 1343 349 1388; x_wconf 84' lang='lat' dir='ltr'><strong>its</strong></span> <span class='ocrx_word' id='word_1_139' title='bbox 358 1343 457 1388; x_wconf 87' lang='lat' dir='ltr'><strong>vincient</strong></span> <span class='ocrx_word' id='word_1_140' title='bbox 474 1343 639 1402; x_wconf 82' lang='lat' dir='ltr'><strong>Hierosolymis</strong></span> <span class='ocrx_word' id='word_1_141' title='bbox 669 1341 778 1386; x_wconf 81' lang='lat' dir='ltr'><strong>observes</strong></span> 
     </span>
    </p>

    <p class='ocr_par' dir='ltr' id='par_1_11' title="bbox 173 1404 1129 1530">
     <span class='ocr_line' id='line_1_16' title="bbox 173 1404 1129 1471; baseline 0 -20"><span class='ocrx_word' id='word_1_142' title='bbox 173 1405 261 1471; x_wconf 76' lang='lat' dir='ltr'><strong>Judaei,</strong></span> <span class='ocrx_word' id='word_1_143' title='bbox 283 1406 413 1466; x_wconf 88' lang='lat' dir='ltr'><strong>tradentque</strong></span> <span class='ocrx_word' id='word_1_144' title='bbox 434 1408 456 1452; x_wconf 93' lang='lat' dir='ltr'><strong>in</strong></span> <span class='ocrx_word' id='word_1_145' title='bbox 478 1422 557 1452; x_wconf 86' lang='lat' dir='ltr'><strong>manus</strong></span> <span class='ocrx_word' id='word_1_146' title='bbox 581 1416 638 1468; x_wconf 83' lang='lat' dir='ltr'><strong>gen·</strong></span> <span class='ocrx_word' id='word_1_147' title='bbox 701 1407 732 1450; x_wconf 81' lang='lat'><strong>25</strong></span> <span class='ocrx_word' id='word_1_148' title='bbox 750 1404 788 1450; x_wconf 91' lang='lat' dir='ltr'><strong>De</strong></span> <span class='ocrx_word' id='word_1_149' title='bbox 803 1404 831 1450; x_wconf 89' lang='lat' dir='ltr'><strong>iis</strong></span> <span class='ocrx_word' id='word_1_150' title='bbox 846 1411 920 1451; x_wconf 88' lang='lat' dir='ltr'><strong>autem</strong></span> <span class='ocrx_word' id='word_1_151' title='bbox 936 1405 973 1465; x_wconf 88' lang='lat' dir='ltr'><strong>qui</strong></span> <span class='ocrx_word' id='word_1_152' title='bbox 990 1405 1129 1452; x_wconf 87' lang='lat' dir='ltr'><strong>crediderunt</strong></span> 
     </span>
     <span class='ocr_line' id='line_1_17' title="bbox 174 1469 1129 1530; baseline 0.001 -16"><span class='ocrx_word' id='word_1_153' title='bbox 174 1471 237 1514; x_wconf 82' lang='lat' dir='ltr'><strong>tium.</strong></span> <span class='ocrx_word' id='word_1_154' title='bbox 669 1482 697 1514; x_wconf 91' lang='lat' dir='ltr'><strong>ex</strong></span> <span class='ocrx_word' id='word_1_155' title='bbox 705 1469 814 1528; x_wconf 87' lang='lat' dir='ltr'><strong>gentibus,</strong></span> <span class='ocrx_word' id='word_1_156' title='bbox 826 1484 867 1514; x_wconf 91' lang='lat' dir='ltr'><strong>nos</strong></span> <span class='ocrx_word' id='word_1_157' title='bbox 878 1469 1010 1530; x_wconf 79' lang='lat' dir='ltr'><strong>scripsimus,</strong></span> <span class='ocrx_word' id='word_1_158' title='bbox 1021 1477 1045 1515; x_wconf 88' lang='lat' dir='ltr'><strong>et</strong></span> <span class='ocrx_word' id='word_1_159' title='bbox 1053 1470 1129 1516; x_wconf 87' lang='lat' dir='ltr'><strong>decre·</strong></span> 
     </span>
    </p>

    <p class='ocr_par' dir='ltr' id='par_1_12' title="bbox 173 1529 1129 1721">
     <span class='ocr_line' id='line_1_18' title="bbox 208 1529 1129 1594; baseline 0 -16"><span class='ocrx_word' id='word_1_160' title='bbox 208 1537 238 1578; x_wconf 79' lang='lat'><strong>12</strong></span> <span class='ocrx_word' id='word_1_161' title='bbox 257 1529 354 1579; x_wconf 87' lang='lat' dir='ltr'><strong>Utverd</strong></span> <span class='ocrx_word' id='word_1_162' title='bbox 371 1534 414 1580; x_wconf 85' lang='lat' dir='ltr'><strong>ista</strong></span> <span class='ocrx_word' id='word_1_163' title='bbox 429 1533 559 1586; x_wconf 87' lang='lat' dir='ltr'><strong>audivimus,</strong></span> <span class='ocrx_word' id='word_1_164' title='bbox 572 1549 638 1594; x_wconf 79' lang='lat' dir='ltr'><strong>roge-</strong></span> <span class='ocrx_word' id='word_1_165' title='bbox 668 1533 741 1577; x_wconf 85' lang='lat' dir='ltr'><strong>vimus</strong></span> <span class='ocrx_word' id='word_1_166' title='bbox 760 1533 840 1592; x_wconf 85' lang='lat' dir='ltr'><strong>nequid</strong></span> <span class='ocrx_word' id='word_1_167' title='bbox 859 1533 983 1594; x_wconf 86' lang='lat' dir='ltr'><strong>hujusmodi</strong></span> <span class='ocrx_word' id='word_1_168' title='bbox 1005 1535 1129 1586; x_wconf 80' lang='lat' dir='ltr'><strong>observent,</strong></span> 
     </span>
     <span class='ocr_line' id='line_1_19' title="bbox 173 1595 1128 1660; baseline -0.001 -17"><span class='ocrx_word' id='word_1_169' title='bbox 173 1597 251 1643; x_wconf 80' lang='lat' dir='ltr'><strong>bamus</strong></span> <span class='ocrx_word' id='word_1_170' title='bbox 262 1604 285 1642; x_wconf 85' lang='lat' dir='ltr'><strong>et</strong></span> <span class='ocrx_word' id='word_1_171' title='bbox 296 1611 337 1644; x_wconf 88' lang='lat' dir='ltr'><strong>uos</strong></span> <span class='ocrx_word' id='word_1_172' title='bbox 347 1604 370 1643; x_wconf 90' lang='lat' dir='ltr'><strong>et</strong></span> <span class='ocrx_word' id='word_1_173' title='bbox 383 1599 431 1660; x_wconf 88' lang='lat' dir='ltr'><strong>ejus</strong></span> <span class='ocrx_word' id='word_1_174' title='bbox 447 1597 490 1644; x_wconf 89' lang='lat' dir='ltr'><strong>loci</strong></span> <span class='ocrx_word' id='word_1_175' title='bbox 507 1598 598 1650; x_wconf 87' lang='lat' dir='ltr'><strong>incolae,</strong></span> <span class='ocrx_word' id='word_1_176' title='bbox 610 1613 639 1642; x_wconf 85' lang='lat' dir='ltr'><strong>ne</strong></span> <span class='ocrx_word' id='word_1_177' title='bbox 669 1595 710 1640; x_wconf 86' lang='lat' dir='ltr'><strong>nisi</strong></span> <span class='ocrx_word' id='word_1_178' title='bbox 722 1603 746 1640; x_wconf 90' lang='lat' dir='ltr'><strong>ut</strong></span> <span class='ocrx_word' id='word_1_179' title='bbox 756 1603 849 1642; x_wconf 88' lang='lat' dir='ltr'><strong>caveant</strong></span> <span class='ocrx_word' id='word_1_180' title='bbox 863 1598 890 1643; x_wconf 83' lang='lat' dir='ltr'><strong>ab</strong></span> <span class='ocrx_word' id='word_1_181' title='bbox 906 1597 932 1642; x_wconf 80' lang='lat' dir='ltr'><strong>iis</strong></span> <span class='ocrx_word' id='word_1_182' title='bbox 946 1612 1003 1656; x_wconf 89' lang='lat' dir='ltr'><strong>quae</strong></span> <span class='ocrx_word' id='word_1_183' title='bbox 1019 1605 1071 1642; x_wconf 90' lang='lat' dir='ltr'><strong>sunt</strong></span> <span class='ocrx_word' id='word_1_184' title='bbox 1086 1612 1128 1643; x_wconf 88' lang='lat' dir='ltr'><strong>rm·</strong></span> 
     </span>
     <span class='ocr_line' id='line_1_20' title="bbox 173 1659 1128 1721; baseline 0.002 -15"><span class='ocrx_word' id='word_1_185' title='bbox 173 1661 303 1706; x_wconf 84' lang='lat' dir='ltr'><strong>ascenderet</strong></span> <span class='ocrx_word' id='word_1_186' title='bbox 315 1660 512 1721; x_wconf 81' lang='lat' dir='ltr'><strong>Hierosolymsm.&#39;</strong></span> <span class='ocrx_word' id='word_1_187' title='bbox 668 1659 749 1705; x_wconf 86' lang='lat' dir='ltr'><strong>molata</strong></span> <span class='ocrx_word' id='word_1_188' title='bbox 763 1661 892 1713; x_wconf 80' lang='lat' dir='ltr'><strong>simulacris,</strong></span> <span class='ocrx_word' id='word_1_189' title='bbox 909 1667 932 1705; x_wconf 90' lang='lat' dir='ltr'><strong>et</strong></span> <span class='ocrx_word' id='word_1_190' title='bbox 947 1676 961 1706; x_wconf 89' lang='lat' dir='ltr'><strong>a</strong></span> <span class='ocrx_word' id='word_1_191' title='bbox 976 1661 1090 1720; x_wconf 83' lang='lat' dir='ltr'><strong>sanguiue,</strong></span> <span class='ocrx_word' id='word_1_192' title='bbox 1107 1669 1128 1708; x_wconf 87' lang='lat' dir='ltr'><strong>et</strong></span> 
     </span>
    </p>

    <p class='ocr_par' dir='ltr' id='par_1_13' title="bbox 173 1723 1129 2036">
     <span class='ocr_line' id='line_1_21' title="bbox 208 1723 1044 1784; baseline 0.001 -16"><span class='ocrx_word' id='word_1_193' title='bbox 208 1728 238 1769; x_wconf 82' lang='lat'><strong>13</strong></span> <span class='ocrx_word' id='word_1_194' title='bbox 256 1724 301 1770; x_wconf 86' lang='lat' dir='ltr'><strong>Sed</strong></span> <span class='ocrx_word' id='word_1_195' title='bbox 312 1725 424 1784; x_wconf 86' lang='lat' dir='ltr'><strong>respondit</strong></span> <span class='ocrx_word' id='word_1_196' title='bbox 437 1723 527 1778; x_wconf 92' lang='lat' dir='ltr'><strong>Paulus,</strong></span> <span class='ocrx_word' id='word_1_197' title='bbox 538 1724 599 1778; x_wconf 83' lang='lat' dir='ltr'><strong>Quid</strong></span> <span class='ocrx_word' id='word_1_198' title='bbox 606 1724 638 1770; x_wconf 83' lang='lat' dir='ltr'><strong>sa·</strong></span> <span class='ocrx_word' id='word_1_199' title='bbox 669 1723 732 1768; x_wconf 85' lang='lat' dir='ltr'><strong>rebus</strong></span> <span class='ocrx_word' id='word_1_200' title='bbox 743 1723 860 1775; x_wconf 82' lang='lat' dir='ltr'><strong>suffocatis,</strong></span> <span class='ocrx_word' id='word_1_201' title='bbox 871 1731 898 1768; x_wconf 79' lang='lat' dir='ltr'><strong>et</strong></span> <span class='ocrx_word' id='word_1_202' title='bbox 905 1725 1044 1769; x_wconf 86' lang='lat' dir='ltr'><strong>scortatione.</strong></span> 
     </span>
     <span class='ocr_line' id='line_1_22' title="bbox 173 1785 1129 1846; baseline 0 -14"><span class='ocrx_word' id='word_1_203' title='bbox 173 1788 229 1842; x_wconf 85' lang='lat' dir='ltr'><strong>citis,</strong></span> <span class='ocrx_word' id='word_1_204' title='bbox 241 1787 321 1833; x_wconf 86' lang='lat' dir='ltr'><strong>flentes</strong></span> <span class='ocrx_word' id='word_1_205' title='bbox 331 1796 354 1833; x_wconf 89' lang='lat' dir='ltr'><strong>et</strong></span> <span class='ocrx_word' id='word_1_206' title='bbox 365 1789 489 1834; x_wconf 86' lang='lat' dir='ltr'><strong>mollientes</strong></span> <span class='ocrx_word' id='word_1_207' title='bbox 500 1804 538 1833; x_wconf 88' lang='lat' dir='ltr'><strong>cor</strong></span> <span class='ocrx_word' id='word_1_208' title='bbox 549 1788 639 1834; x_wconf 80' lang='lat' dir='ltr'><strong>meum?</strong></span> <span class='ocrx_word' id='word_1_209' title='bbox 701 1790 732 1832; x_wconf 77' lang='lat'><strong>26</strong></span> <span class='ocrx_word' id='word_1_210' title='bbox 748 1785 809 1831; x_wconf 88' lang='lat' dir='ltr'><strong>Turn</strong></span> <span class='ocrx_word' id='word_1_211' title='bbox 830 1786 919 1838; x_wconf 86' lang='lat' dir='ltr'><strong>Paulus,</strong></span> <span class='ocrx_word' id='word_1_212' title='bbox 941 1788 1058 1846; x_wconf 77' lang='lat' dir='ltr'><strong>assumptis</strong></span> <span class='ocrx_word' id='word_1_213' title='bbox 1077 1787 1129 1832; x_wconf 85' lang='lat' dir='ltr'><strong>viris</strong></span> 
     </span>
     <span class='ocr_line' id='line_1_23' title="bbox 174 1848 1129 1910; baseline 0 -14"><span class='ocrx_word' id='word_1_214' title='bbox 174 1851 236 1896; x_wconf 90' lang='lat' dir='ltr'><strong>Nam</strong></span> <span class='ocrx_word' id='word_1_215' title='bbox 253 1867 298 1910; x_wconf 81' lang='lat' dir='ltr'><strong>ego</strong></span> <span class='ocrx_word' id='word_1_216' title='bbox 316 1867 360 1897; x_wconf 92' lang='lat' dir='ltr'><strong>non</strong></span> <span class='ocrx_word' id='word_1_217' title='bbox 377 1850 450 1897; x_wconf 78' lang='lat' dir='ltr'><strong>solum</strong></span> <span class='ocrx_word' id='word_1_218' title='bbox 467 1852 551 1906; x_wconf 85' lang='lat' dir='ltr'><strong>vinciri,</strong></span> <span class='ocrx_word' id='word_1_219' title='bbox 567 1853 605 1898; x_wconf 91' lang='lat' dir='ltr'><strong>sed</strong></span> <span class='ocrx_word' id='word_1_220' title='bbox 616 1859 639 1898; x_wconf 88' lang='lat' dir='ltr'><strong>et</strong></span> <span class='ocrx_word' id='word_1_221' title='bbox 669 1848 716 1902; x_wconf 78' lang='lat' dir='ltr'><strong>iilis</strong></span> <span class='ocrx_word' id='word_1_222' title='bbox 734 1857 839 1908; x_wconf 74' lang='lat' dir='ltr'><strong>sequeme</strong></span> <span class='ocrx_word' id='word_1_223' title='bbox 855 1850 890 1894; x_wconf 87' lang='lat' dir='ltr'><strong>die</strong></span> <span class='ocrx_word' id='word_1_224' title='bbox 904 1863 954 1894; x_wconf 90' lang='lat' dir='ltr'><strong>curn</strong></span> <span class='ocrx_word' id='word_1_225' title='bbox 965 1850 997 1894; x_wconf 87' lang='lat' dir='ltr'><strong>eis</strong></span> <span class='ocrx_word' id='word_1_226' title='bbox 1008 1849 1129 1896; x_wconf 85' lang='lat' dir='ltr'><strong>sanctifica-</strong></span> 
     </span>
     <span class='ocr_line' id='line_1_24' title="bbox 173 1912 1129 1976; baseline -0.002 -16"><span class='ocrx_word' id='word_1_227' title='bbox 173 1915 233 1960; x_wconf 86' lang='lat' dir='ltr'><strong>rnori</strong></span> <span class='ocrx_word' id='word_1_228' title='bbox 249 1922 336 1974; x_wconf 79' lang='lat' dir='ltr'><strong>paratus</strong></span> <span class='ocrx_word' id='word_1_229' title='bbox 352 1931 401 1960; x_wconf 91' lang='lat' dir='ltr'><strong>sum</strong></span> <span class='ocrx_word' id='word_1_230' title='bbox 419 1915 584 1975; x_wconf 75' lang='lat' dir='ltr'><strong>Hierosolymis</strong></span> <span class='ocrx_word' id='word_1_231' title='bbox 599 1931 638 1976; x_wconf 91' lang='lat' dir='ltr'><strong>pro</strong></span> <span class='ocrx_word' id='word_1_232' title='bbox 669 1919 704 1958; x_wconf 85' lang='lat' dir='ltr'><strong>tus</strong></span> <span class='ocrx_word' id='word_1_233' title='bbox 715 1913 829 1972; x_wconf 84' lang='lat' dir='ltr'><strong>ingressus</strong></span> <span class='ocrx_word' id='word_1_234' title='bbox 840 1921 874 1958; x_wconf 88' lang='lat' dir='ltr'><strong>est</strong></span> <span class='ocrx_word' id='word_1_235' title='bbox 885 1913 907 1957; x_wconf 92' lang='lat' dir='ltr'><strong>in</strong></span> <span class='ocrx_word' id='word_1_236' title='bbox 920 1912 1031 1972; x_wconf 88' lang='lat' dir='ltr'><strong>templum,</strong></span> <span class='ocrx_word' id='word_1_237' title='bbox 1043 1913 1129 1958; x_wconf 88' lang='lat' dir='ltr'><strong>denun-</strong></span> 
     </span>
     <span class='ocr_line' id='line_1_25' title="bbox 174 1975 1129 2036; baseline -0.001 -14"><span class='ocrx_word' id='word_1_238' title='bbox 174 1979 266 2024; x_wconf 85' lang='lat' dir='ltr'><strong>nomine</strong></span> <span class='ocrx_word' id='word_1_239' title='bbox 279 1977 372 2024; x_wconf 89' lang='lat' dir='ltr'><strong>Domini</strong></span> <span class='ocrx_word' id='word_1_240' title='bbox 383 1978 446 2026; x_wconf 78' lang='lat' dir='ltr'><strong>Jesu.</strong></span> <span class='ocrx_word' id='word_1_241' title='bbox 669 1977 729 2022; x_wconf 82' lang='lat' dir='ltr'><strong>ciens</strong></span> <span class='ocrx_word' id='word_1_242' title='bbox 743 1976 890 2036; x_wconf 85' lang='lat' dir='ltr'><strong>expletionem</strong></span> <span class='ocrx_word' id='word_1_243' title='bbox 907 1975 991 2020; x_wconf 90' lang='lat' dir='ltr'><strong>dierum</strong></span> <span class='ocrx_word' id='word_1_244' title='bbox 1007 1975 1129 2022; x_wconf 84' lang='lat' dir='ltr'><strong>sanctifica·</strong></span> 
     </span>
    </p>

    <p class='ocr_par' dir='ltr' id='par_1_14' title="bbox 173 2039 1129 2227">
     <span class='ocr_line' id='line_1_26' title="bbox 208 2039 1129 2102; baseline 0 -16"><span class='ocrx_word' id='word_1_245' title='bbox 208 2045 239 2087; x_wconf 78' lang='lat'><strong>14</strong></span> <span class='ocrx_word' id='word_1_246' title='bbox 257 2041 333 2095; x_wconf 83' lang='lat' dir='ltr'><strong>Quum</strong></span> <span class='ocrx_word' id='word_1_247' title='bbox 345 2043 414 2102; x_wconf 86' lang='lat' dir='ltr'><strong>igitur</strong></span> <span class='ocrx_word' id='word_1_248' title='bbox 430 2057 475 2087; x_wconf 92' lang='lat' dir='ltr'><strong>non</strong></span> <span class='ocrx_word' id='word_1_249' title='bbox 490 2043 638 2095; x_wconf 77' lang='lat' dir='ltr'><strong>assentiretur,</strong></span> <span class='ocrx_word' id='word_1_250' title='bbox 669 2040 742 2093; x_wconf 87' lang='lat' dir='ltr'><strong>tionis,</strong></span> <span class='ocrx_word' id='word_1_251' title='bbox 754 2039 875 2099; x_wconf 87' lang='lat' dir='ltr'><strong>usquedum</strong></span> <span class='ocrx_word' id='word_1_252' title='bbox 887 2039 959 2085; x_wconf 87' lang='lat' dir='ltr'><strong>oblata</strong></span> <span class='ocrx_word' id='word_1_253' title='bbox 969 2039 1011 2085; x_wconf 82' lang='lat' dir='ltr'><strong>suit</strong></span> <span class='ocrx_word' id='word_1_254' title='bbox 1021 2055 1061 2100; x_wconf 91' lang='lat' dir='ltr'><strong>pro</strong></span> <span class='ocrx_word' id='word_1_255' title='bbox 1073 2055 1129 2086; x_wconf 88' lang='lat' dir='ltr'><strong>nno·</strong></span> 
     </span>
     <span class='ocr_line' id='line_1_27' title="bbox 173 2103 938 2164; baseline -0.005 -12"><span class='ocrx_word' id='word_1_256' title='bbox 173 2106 331 2164; x_wconf 75' lang='lat' dir='ltr'><strong>acquievimus,</strong></span> <span class='ocrx_word' id='word_1_257' title='bbox 351 2107 455 2160; x_wconf 85' lang='lat' dir='ltr'><strong>dicentes,</strong></span> <span class='ocrx_word' id='word_1_258' title='bbox 477 2105 527 2152; x_wconf 87' lang='lat' dir='ltr'><strong>Fiat</strong></span> <span class='ocrx_word' id='word_1_259' title='bbox 545 2105 639 2152; x_wconf 90' lang='lat' dir='ltr'><strong>Domini</strong></span> <span class='ocrx_word' id='word_1_260' title='bbox 668 2119 755 2163; x_wconf 88' lang='lat' dir='ltr'><strong>quoque</strong></span> <span class='ocrx_word' id='word_1_261' title='bbox 766 2119 842 2149; x_wconf 80' lang='lat' dir='ltr'><strong>sonim</strong></span> <span class='ocrx_word' id='word_1_262' title='bbox 851 2103 938 2149; x_wconf 85' lang='lat' dir='ltr'><strong>oblatio.</strong></span> 
     </span>
     <span class='ocr_line' id='line_1_28' title="bbox 174 2167 1129 2227; baseline 0 -13"><span class='ocrx_word' id='word_1_263' title='bbox 174 2170 285 2214; x_wconf 84' lang='lat' dir='ltr'><strong>voluntas.</strong></span> <span class='ocrx_word' id='word_1_264' title='bbox 701 2171 731 2213; x_wconf 80' lang='lat'><strong>27</strong></span> <span class='ocrx_word' id='word_1_265' title='bbox 749 2167 826 2220; x_wconf 82' lang='lat' dir='ltr'><strong>Quum</strong></span> <span class='ocrx_word' id='word_1_266' title='bbox 845 2175 918 2212; x_wconf 88' lang='lat' dir='ltr'><strong>autern</strong></span> <span class='ocrx_word' id='word_1_267' title='bbox 935 2167 1018 2227; x_wconf 87' lang='lat' dir='ltr'><strong>septeni</strong></span> <span class='ocrx_word' id='word_1_268' title='bbox 1036 2167 1065 2212; x_wconf 92' lang='lat' dir='ltr'><strong>illi</strong></span> <span class='ocrx_word' id='word_1_269' title='bbox 1083 2167 1129 2214; x_wconf 82' lang='lat' dir='ltr'><strong>dies</strong></span> 
     </span>
    </p>

    <p class='ocr_par' dir='ltr' id='par_1_15' title="bbox 173 2229 1189 2356">
     <span class='ocr_line' id='line_1_29' title="bbox 209 2229 1189 2293; baseline -0.002 -15"><span class='ocrx_word' id='word_1_270' title='bbox 209 2235 238 2279; x_wconf 84' lang='lat'><strong>15</strong></span> <span class='ocrx_word' id='word_1_271' title='bbox 258 2231 329 2278; x_wconf 85' lang='lat' dir='ltr'><strong>Porrd</strong></span> <span class='ocrx_word' id='word_1_272' title='bbox 345 2239 395 2293; x_wconf 90' lang='lat' dir='ltr'><strong>post</strong></span> <span class='ocrx_word' id='word_1_273' title='bbox 411 2233 458 2278; x_wconf 86' lang='lat' dir='ltr'><strong>dies</strong></span> <span class='ocrx_word' id='word_1_274' title='bbox 473 2233 528 2278; x_wconf 91' lang='lat' dir='ltr'><strong>istos</strong></span> <span class='ocrx_word' id='word_1_275' title='bbox 542 2233 640 2280; x_wconf 83' lang='lat' dir='ltr'><strong>collectis</strong></span> <span class='ocrx_word' id='word_1_276' title='bbox 664 2231 712 2291; x_wconf 80' lang='lat' dir='ltr'><strong>jam</strong></span> <span class='ocrx_word' id='word_1_277' title='bbox 723 2238 797 2276; x_wconf 88' lang='lat' dir='ltr'><strong>essent</strong></span> <span class='ocrx_word' id='word_1_278' title='bbox 807 2231 915 2290; x_wconf 88' lang='lat' dir='ltr'><strong>explendi,</strong></span> <span class='ocrx_word' id='word_1_279' title='bbox 932 2233 969 2289; x_wconf 90' lang='lat' dir='ltr'><strong>qui</strong></span> <span class='ocrx_word' id='word_1_280' title='bbox 980 2245 1009 2276; x_wconf 90' lang='lat' dir='ltr'><strong>ex</strong></span> <span class='ocrx_word' id='word_1_281' title='bbox 1021 2229 1076 2276; x_wconf 71' lang='lat' dir='ltr'><strong>Asis</strong></span> <span class='ocrx_word' id='word_1_282' title='bbox 1086 2233 1129 2276; x_wconf 82' lang='lat' dir='ltr'><strong>ad·</strong></span> <span class='ocrx_word' id='word_1_283' title='bbox 1188 2257 1189 2260; x_wconf 62' lang='lat'><em>=</em></span> 
     </span>
     <span class='ocr_line' id='line_1_30' title="bbox 173 2283 1129 2356; baseline -0.003 -14"><span class='ocrx_word' id='word_1_284' title='bbox 173 2297 266 2342; x_wconf 82' lang='lat' dir='ltr'><strong>sarcinis</strong></span> <span class='ocrx_word' id='word_1_285' title='bbox 277 2297 415 2342; x_wconf 86' lang='lat' dir='ltr'><strong>ascendimus</strong></span> <span class='ocrx_word' id='word_1_286' title='bbox 428 2296 617 2356; x_wconf 79' lang='lat' dir='ltr'><strong>Hierosolymam.</strong></span> <span class='ocrx_word' id='word_1_287' title='bbox 669 2301 778 2340; x_wconf 75' lang='lat' dir='ltr'><strong>veneram</strong></span> <span class='ocrx_word' id='word_1_288' title='bbox 788 2283 867 2340; x_wconf 74' lang='lat' dir='ltr'><strong>iudaei</strong></span> <span class='ocrx_word' id='word_1_289' title='bbox 883 2295 955 2353; x_wconf 89' lang='lat' dir='ltr'><strong>ipsum</strong></span> <span class='ocrx_word' id='word_1_290' title='bbox 971 2294 1090 2353; x_wconf 78' lang='lat' dir='ltr'><strong>conspicati</strong></span> <span class='ocrx_word' id='word_1_291' title='bbox 1107 2293 1129 2339; x_wconf 88' lang='lat' dir='ltr'><strong>in</strong></span> 
     </span>
    </p>

    <p class='ocr_par' dir='ltr' id='par_1_16' title="bbox 173 2354 1167 2674">
     <span class='ocr_line' id='line_1_31' title="bbox 209 2354 1129 2417; baseline -0.002 -13"><span class='ocrx_word' id='word_1_292' title='bbox 209 2364 239 2406; x_wconf 89' lang='lat'><strong>16</strong></span> <span class='ocrx_word' id='word_1_293' title='bbox 259 2359 377 2406; x_wconf 85' lang='lat' dir='ltr'><strong>Venerunt</strong></span> <span class='ocrx_word' id='word_1_294' title='bbox 394 2367 467 2405; x_wconf 89' lang='lat' dir='ltr'><strong>autern</strong></span> <span class='ocrx_word' id='word_1_295' title='bbox 487 2361 552 2406; x_wconf 91' lang='lat' dir='ltr'><strong>simul</strong></span> <span class='ocrx_word' id='word_1_296' title='bbox 573 2361 639 2406; x_wconf 89' lang='lat' dir='ltr'><strong>etiam</strong></span> <span class='ocrx_word' id='word_1_297' title='bbox 669 2357 759 2417; x_wconf 84' lang='lat' dir='ltr'><strong>templo,</strong></span> <span class='ocrx_word' id='word_1_298' title='bbox 775 2354 913 2401; x_wconf 79' lang='lat' dir='ltr'><strong>concitirunt</strong></span> <span class='ocrx_word' id='word_1_299' title='bbox 924 2363 993 2400; x_wconf 89' lang='lat' dir='ltr'><strong>totam</strong></span> <span class='ocrx_word' id='word_1_300' title='bbox 1005 2355 1096 2406; x_wconf 89' lang='lat' dir='ltr'><strong>turbam,</strong></span> <span class='ocrx_word' id='word_1_301' title='bbox 1107 2367 1129 2402; x_wconf 90' lang='lat' dir='ltr'><strong>et</strong></span> 
     </span>
     <span class='ocr_line' id='line_1_32' title="bbox 173 2419 981 2484; baseline -0.006 -16"><span class='ocrx_word' id='word_1_302' title='bbox 173 2424 252 2484; x_wconf 78' lang='lat' dir='ltr'><strong>aliqui</strong></span> <span class='ocrx_word' id='word_1_303' title='bbox 266 2437 295 2468; x_wconf 88' lang='lat' dir='ltr'><strong>ex</strong></span> <span class='ocrx_word' id='word_1_304' title='bbox 311 2424 422 2484; x_wconf 89' lang='lat' dir='ltr'><strong>discipulis</strong></span> <span class='ocrx_word' id='word_1_305' title='bbox 440 2422 549 2471; x_wconf 73' lang='lat' dir='ltr'><strong>Caesarei</strong></span> <span class='ocrx_word' id='word_1_306' title='bbox 566 2425 639 2470; x_wconf 88' lang='lat' dir='ltr'><strong>nobis·</strong></span> <span class='ocrx_word' id='word_1_307' title='bbox 669 2421 791 2481; x_wconf 82' lang='lat' dir='ltr'><strong>iqjscerunt</strong></span> <span class='ocrx_word' id='word_1_308' title='bbox 801 2433 879 2465; x_wconf 85' lang='lat' dir='ltr'><strong>manus</strong></span> <span class='ocrx_word' id='word_1_309' title='bbox 890 2419 912 2464; x_wconf 90' lang='lat' dir='ltr'><strong>in</strong></span> <span class='ocrx_word' id='word_1_310' title='bbox 923 2433 981 2473; x_wconf 88' lang='lat' dir='ltr'><strong>eum,</strong></span> 
     </span>
     <span class='ocr_line' id='line_1_33' title="bbox 174 2480 1130 2548; baseline -0.004 -16"><span class='ocrx_word' id='word_1_311' title='bbox 174 2503 234 2541; x_wconf 89' lang='lat' dir='ltr'><strong>cum,</strong></span> <span class='ocrx_word' id='word_1_312' title='bbox 245 2487 386 2542; x_wconf 86' lang='lat' dir='ltr'><strong>adducentes,</strong></span> <span class='ocrx_word' id='word_1_313' title='bbox 397 2487 455 2548; x_wconf 88' lang='lat' dir='ltr'><strong>apud</strong></span> <span class='ocrx_word' id='word_1_314' title='bbox 465 2502 531 2546; x_wconf 90' lang='lat' dir='ltr'><strong>quern</strong></span> <span class='ocrx_word' id='word_1_315' title='bbox 541 2488 639 2548; x_wconf 78' lang='lat' dir='ltr'><strong>bospite-</strong></span> <span class='ocrx_word' id='word_1_316' title='bbox 678 2521 680 2526; x_wconf 95' lang='lat'><em>.</em></span> <span class='ocrx_word' id='word_1_317' title='bbox 702 2487 733 2528; x_wconf 79' lang='lat'><strong>28</strong></span> <span class='ocrx_word' id='word_1_318' title='bbox 751 2481 884 2536; x_wconf 81' lang='lat' dir='ltr'><strong>Clamantes,</strong></span> <span class='ocrx_word' id='word_1_319' title='bbox 895 2481 943 2526; x_wconf 90' lang='lat' dir='ltr'><strong>Viri</strong></span> <span class='ocrx_word' id='word_1_320' title='bbox 952 2480 1069 2535; x_wconf 81' lang='lat' dir='ltr'><strong>israelitae,</strong></span> <span class='ocrx_word' id='word_1_321' title='bbox 1079 2497 1130 2528; x_wconf 85' lang='lat' dir='ltr'><strong>suc·</strong></span> 
     </span>
     <span class='ocr_line' id='line_1_34' title="bbox 174 2547 1129 2613; baseline -0.001 -21"><span class='ocrx_word' id='word_1_322' title='bbox 174 2565 257 2604; x_wconf 82' lang='lat' dir='ltr'><strong>remur,</strong></span> <span class='ocrx_word' id='word_1_323' title='bbox 276 2550 414 2596; x_wconf 69' lang='lat' dir='ltr'><strong>Mmonem</strong></span> <span class='ocrx_word' id='word_1_324' title='bbox 430 2550 539 2610; x_wconf 73' lang='lat' dir='ltr'><strong>quendam</strong></span> <span class='ocrx_word' id='word_1_325' title='bbox 557 2549 639 2613; x_wconf 72' lang='lat' dir='ltr'><strong>Cypri.</strong></span> <span class='ocrx_word' id='word_1_326' title='bbox 670 2548 766 2593; x_wconf 81' lang='lat' dir='ltr'><strong>curn&#39;te:</strong></span> <span class='ocrx_word' id='word_1_327' title='bbox 785 2547 820 2592; x_wconf 92' lang='lat' dir='ltr'><strong>hic</strong></span> <span class='ocrx_word' id='word_1_328' title='bbox 832 2547 868 2591; x_wconf 90' lang='lat' dir='ltr'><strong>ille</strong></span> <span class='ocrx_word' id='word_1_329' title='bbox 879 2547 945 2591; x_wconf 89' lang='lat' dir='ltr'><strong>bomo</strong></span> <span class='ocrx_word' id='word_1_330' title='bbox 953 2553 994 2599; x_wconf 87' lang='lat' dir='ltr'><strong>est,</strong></span> <span class='ocrx_word' id='word_1_331' title='bbox 1006 2547 1041 2606; x_wconf 90' lang='lat' dir='ltr'><strong>qui</strong></span> <span class='ocrx_word' id='word_1_332' title='bbox 1051 2547 1129 2592; x_wconf 79' lang='lat' dir='ltr'><strong>sdver-</strong></span> 
     </span>
     <span class='ocr_line' id='line_1_35' title="bbox 174 2608 1167 2674; baseline -0.004 -14"><span class='ocrx_word' id='word_1_333' title='bbox 174 2629 221 2666; x_wconf 82' lang='lat' dir='ltr'><strong>nm,</strong></span> <span class='ocrx_word' id='word_1_334' title='bbox 233 2615 348 2673; x_wconf 89' lang='lat' dir='ltr'><strong>antiquum</strong></span> <span class='ocrx_word' id='word_1_335' title='bbox 359 2614 497 2674; x_wconf 84' lang='lat' dir='ltr'><strong>discipulum.</strong></span> <span class='ocrx_word' id='word_1_336' title='bbox 669 2608 707 2656; x_wconf 77' lang='lat' dir='ltr'><strong>stis</strong></span> <span class='ocrx_word' id='word_1_337' title='bbox 718 2610 823 2672; x_wconf 89' lang='lat' dir='ltr'><strong>populum</strong></span> <span class='ocrx_word' id='word_1_338' title='bbox 834 2616 857 2656; x_wconf 91' lang='lat' dir='ltr'><strong>et</strong></span> <span class='ocrx_word' id='word_1_339' title='bbox 867 2610 940 2670; x_wconf 83' lang='lat' dir='ltr'><strong>legem</strong></span> <span class='ocrx_word' id='word_1_340' title='bbox 951 2617 974 2656; x_wconf 88' lang='lat' dir='ltr'><strong>et</strong></span> <span class='ocrx_word' id='word_1_341' title='bbox 984 2610 1057 2655; x_wconf 90' lang='lat' dir='ltr'><strong>locum</strong></span> <span class='ocrx_word' id='word_1_342' title='bbox 1070 2617 1129 2657; x_wconf 86' lang='lat' dir='ltr'><strong>bunc</strong></span> <span class='ocrx_word' id='word_1_343' title='bbox 1164 2629 1167 2640; x_wconf 67' lang='lat'>=</span> 
     </span>
    </p>

    <p class='ocr_par' dir='ltr' id='par_1_17' title="bbox 176 2673 1130 2863">
     <span class='ocr_line' id='line_1_36' title="bbox 210 2673 1129 2738; baseline -0.002 -16"><span class='ocrx_word' id='word_1_344' title='bbox 210 2680 239 2724; x_wconf 88' lang='lat'><strong>17</strong></span> <span class='ocrx_word' id='word_1_345' title='bbox 259 2681 274 2738; x_wconf 65' lang='lat' dir='ltr'><strong>q</strong></span> <span class='ocrx_word' id='word_1_346' title='bbox 286 2677 364 2730; x_wconf 82' lang='lat' dir='ltr'><strong>Quum</strong></span> <span class='ocrx_word' id='word_1_347' title='bbox 381 2678 449 2738; x_wconf 83' lang='lat' dir='ltr'><strong>igitur</strong></span> <span class='ocrx_word' id='word_1_348' title='bbox 465 2678 640 2738; x_wconf 87' lang='lat' dir='ltr'><strong>pervenissemus</strong></span> <span class='ocrx_word' id='word_1_349' title='bbox 670 2690 747 2720; x_wconf 88' lang='lat' dir='ltr'><strong>omnes</strong></span> <span class='ocrx_word' id='word_1_350' title='bbox 769 2675 848 2734; x_wconf 92' lang='lat' dir='ltr'><strong>ubique</strong></span> <span class='ocrx_word' id='word_1_351' title='bbox 869 2674 950 2730; x_wconf 88' lang='lat' dir='ltr'><strong>docet;</strong></span> <span class='ocrx_word' id='word_1_352' title='bbox 983 2682 1048 2734; x_wconf 90' lang='lat' dir='ltr'><strong>atque</strong></span> <span class='ocrx_word' id='word_1_353' title='bbox 1075 2673 1129 2720; x_wconf 85' lang='lat' dir='ltr'><strong>aded</strong></span> 
     </span>
     <span class='ocr_line' id='line_1_37' title="bbox 178 2739 1130 2803; baseline 0 -17"><span class='ocrx_word' id='word_1_354' title='bbox 178 2739 368 2801; x_wconf 72' lang='lat' dir='ltr'><strong>Hierosolymam,</strong></span> <span class='ocrx_word' id='word_1_355' title='bbox 392 2741 485 2787; x_wconf 86' lang='lat' dir='ltr'><strong>libenter</strong></span> <span class='ocrx_word' id='word_1_356' title='bbox 506 2749 641 2803; x_wconf 87' lang='lat' dir='ltr'><strong>exceperunt</strong></span> <span class='ocrx_word' id='word_1_357' title='bbox 671 2739 771 2785; x_wconf 82' lang='lat' dir='ltr'><strong>Graecos</strong></span> <span class='ocrx_word' id='word_1_358' title='bbox 789 2739 911 2784; x_wconf 86' lang='lat' dir='ltr'><strong>introduxit</strong></span> <span class='ocrx_word' id='word_1_359' title='bbox 928 2740 951 2784; x_wconf 92' lang='lat' dir='ltr'><strong>in</strong></span> <span class='ocrx_word' id='word_1_360' title='bbox 972 2740 1085 2800; x_wconf 91' lang='lat' dir='ltr'><strong>templum,</strong></span> <span class='ocrx_word' id='word_1_361' title='bbox 1107 2753 1130 2786; x_wconf 78' lang='lat' dir='ltr'><strong>et</strong></span> 
     </span>
     <span class='ocr_line' id='line_1_38' title="bbox 176 2803 1028 2863; baseline -0.002 -13"><span class='ocrx_word' id='word_1_362' title='bbox 176 2819 218 2850; x_wconf 89' lang='lat' dir='ltr'><strong>nos</strong></span> <span class='ocrx_word' id='word_1_363' title='bbox 228 2805 315 2850; x_wconf 81' lang='lat' dir='ltr'><strong>fratres.</strong></span> <span class='ocrx_word' id='word_1_364' title='bbox 665 2803 747 2863; x_wconf 35' lang='lat' dir='ltr'><strong>,polluit</strong></span> <span class='ocrx_word' id='word_1_365' title='bbox 759 2811 857 2850; x_wconf 90' lang='lat' dir='ltr'><strong>sanctum</strong></span> <span class='ocrx_word' id='word_1_366' title='bbox 870 2803 943 2848; x_wconf 89' lang='lat' dir='ltr'><strong>locum</strong></span> <span class='ocrx_word' id='word_1_367' title='bbox 954 2804 1028 2849; x_wconf 87' lang='lat' dir='ltr'><strong>istum.</strong></span> 
     </span>
    </p>

    <p class='ocr_par' dir='ltr' id='par_1_18' title="bbox 176 2863 1128 3056">
     <span class='ocr_line' id='line_1_39' title="bbox 210 2863 1116 2928; baseline -0.002 -16"><span class='ocrx_word' id='word_1_368' title='bbox 210 2871 240 2913; x_wconf 92' lang='grc'><strong>18</strong></span> <span class='ocrx_word' id='word_1_369' title='bbox 258 2869 364 2928; x_wconf 88' lang='lat' dir='ltr'><strong>Sequenti</strong></span> <span class='ocrx_word' id='word_1_370' title='bbox 375 2863 429 2913; x_wconf 86' lang='lat' dir='ltr'><strong>verd</strong></span> <span class='ocrx_word' id='word_1_371' title='bbox 440 2867 474 2913; x_wconf 87' lang='lat' dir='ltr'><strong>die</strong></span> <span class='ocrx_word' id='word_1_372' title='bbox 484 2867 570 2914; x_wconf 81' lang='lat' dir='ltr'><strong>introiit</strong></span> <span class='ocrx_word' id='word_1_373' title='bbox 579 2867 638 2914; x_wconf 90' lang='lat' dir='ltr'><strong>Pau·</strong></span> <span class='ocrx_word' id='word_1_374' title='bbox 702 2871 733 2912; x_wconf 75' lang='lat'><strong>29</strong></span> <span class='ocrx_word' id='word_1_375' title='bbox 751 2867 872 2928; x_wconf 78' lang='lat' dir='ltr'><strong>(viderant</strong></span> <span class='ocrx_word' id='word_1_376' title='bbox 881 2867 940 2912; x_wconf 88' lang='lat' dir='ltr'><strong>enirn</strong></span> <span class='ocrx_word' id='word_1_377' title='bbox 951 2877 1016 2913; x_wconf 88' lang='lat' dir='ltr'><strong>antea</strong></span> <span class='ocrx_word' id='word_1_378' title='bbox 1031 2865 1116 2926; x_wconf 91' lang='lat' dir='ltr'><strong>Tropbi</strong></span> 
     </span>
     <span class='ocr_line' id='line_1_40' title="bbox 176 2929 1128 2990; baseline -0.005 -13"><span class='ocrx_word' id='word_1_379' title='bbox 176 2931 212 2977; x_wconf 87' lang='lat' dir='ltr'><strong>lus</strong></span> <span class='ocrx_word' id='word_1_380' title='bbox 222 2932 337 2977; x_wconf 78' lang='lat' dir='ltr'><strong>nobiscum</strong></span> <span class='ocrx_word' id='word_1_381' title='bbox 354 2932 382 2977; x_wconf 90' lang='lat' dir='ltr'><strong>ad</strong></span> <span class='ocrx_word' id='word_1_382' title='bbox 396 2931 511 2984; x_wconf 80' lang='lat' dir='ltr'><strong>Jacobum,</strong></span> <span class='ocrx_word' id='word_1_383' title='bbox 528 2939 640 2977; x_wconf 87' lang='lat' dir='ltr'><strong>etomnes</strong></span> <span class='ocrx_word' id='word_1_384' title='bbox 670 2943 731 2976; x_wconf 91' lang='lat' dir='ltr'><strong>mum</strong></span> <span class='ocrx_word' id='word_1_385' title='bbox 758 2929 881 2990; x_wconf 86' lang='lat' dir='ltr'><strong>Ephesium</strong></span> <span class='ocrx_word' id='word_1_386' title='bbox 902 2929 926 2974; x_wconf 90' lang='lat' dir='ltr'><strong>in</strong></span> <span class='ocrx_word' id='word_1_387' title='bbox 947 2931 1001 2974; x_wconf 88' lang='lat' dir='ltr'><strong>urbe</strong></span> <span class='ocrx_word' id='word_1_388' title='bbox 1022 2944 1073 2974; x_wconf 90' lang='lat' dir='ltr'><strong>cum</strong></span> <span class='ocrx_word' id='word_1_389' title='bbox 1094 2944 1128 2982; x_wconf 91' lang='lat' dir='ltr'><strong>eo,</strong></span> 
     </span>
     <span class='ocr_line' id='line_1_41' title="bbox 176 2991 1128 3056; baseline -0.005 -17"><span class='ocrx_word' id='word_1_390' title='bbox 176 2995 298 3056; x_wconf 79' lang='lat' dir='ltr'><strong>presbyteri</strong></span> <span class='ocrx_word' id='word_1_391' title='bbox 309 2995 433 3041; x_wconf 84' lang='lat' dir='ltr'><strong>adfuerunt.</strong></span> <span class='ocrx_word' id='word_1_392' title='bbox 560 3027 564 3048; x_wconf 75' lang='lat'><strong>,</strong></span> <span class='ocrx_word' id='word_1_393' title='bbox 669 3007 736 3051; x_wconf 89' lang='lat' dir='ltr'><strong>quem</strong></span> <span class='ocrx_word' id='word_1_394' title='bbox 746 2993 899 3038; x_wconf 84' lang='lat' dir='ltr'><strong>existimabant</strong></span> <span class='ocrx_word' id='word_1_395' title='bbox 908 2991 976 3036; x_wconf 81' lang='lat' dir='ltr'><strong>fuisse</strong></span> <span class='ocrx_word' id='word_1_396' title='bbox 987 3006 1001 3036; x_wconf 90' lang='lat' dir='ltr'><strong>a</strong></span> <span class='ocrx_word' id='word_1_397' title='bbox 1012 2991 1083 3035; x_wconf 89' lang='lat' dir='ltr'><strong>Paulo</strong></span> <span class='ocrx_word' id='word_1_398' title='bbox 1094 2991 1128 3035; x_wconf 88' lang='lat' dir='ltr'><strong>in-</strong></span> 
     </span>
    </p>

    <p class='ocr_par' dir='ltr' id='par_1_19' title="bbox 177 3051 1129 3246">
     <span class='ocr_line' id='line_1_42' title="bbox 212 3051 965 3119; baseline -0.009 -16"><span class='ocrx_word' id='word_1_399' title='bbox 212 3061 242 3105; x_wconf 87' lang='lat'><strong>19</strong></span> <span class='ocrx_word' id='word_1_400' title='bbox 258 3058 324 3112; x_wconf 86' lang='lat' dir='ltr'><strong>Quos</strong></span> <span class='ocrx_word' id='word_1_401' title='bbox 339 3058 473 3119; x_wconf 86' lang='lat' dir='ltr'><strong>complexus,</strong></span> <span class='ocrx_word' id='word_1_402' title='bbox 485 3057 586 3118; x_wconf 84' lang='lat' dir='ltr'><strong>exposuit</strong></span> <span class='ocrx_word' id='word_1_403' title='bbox 602 3073 639 3102; x_wconf 92' lang='lat' dir='ltr'><strong>or·</strong></span> <span class='ocrx_word' id='word_1_404' title='bbox 669 3056 795 3101; x_wconf 88' lang='lat' dir='ltr'><strong>troductum</strong></span> <span class='ocrx_word' id='word_1_405' title='bbox 806 3055 828 3100; x_wconf 89' lang='lat' dir='ltr'><strong>in</strong></span> <span class='ocrx_word' id='word_1_406' title='bbox 839 3051 965 3112; x_wconf 84' lang='lat' dir='ltr'><strong>templum.)</strong></span> 
     </span>
     <span class='ocr_line' id='line_1_43' title="bbox 177 3116 1129 3182; baseline -0.007 -15"><span class='ocrx_word' id='word_1_407' title='bbox 177 3121 229 3167; x_wconf 87' lang='lat' dir='ltr'><strong>dine</strong></span> <span class='ocrx_word' id='word_1_408' title='bbox 244 3122 333 3182; x_wconf 71' lang='lat' dir='ltr'><strong>singula</strong></span> <span class='ocrx_word' id='word_1_409' title='bbox 343 3137 399 3182; x_wconf 87' lang='lat' dir='ltr'><strong>qnae</strong></span> <span class='ocrx_word' id='word_1_410' title='bbox 416 3121 641 3168; x_wconf 84' lang='lat' dir='ltr'><strong>Densiecerstinter</strong></span> <span class='ocrx_word' id='word_1_411' title='bbox 701 3123 734 3164; x_wconf 79' lang='lat'><strong>30</strong></span> <span class='ocrx_word' id='word_1_412' title='bbox 752 3116 871 3164; x_wconf 90' lang='lat' dir='ltr'><strong>Commota</strong></span> <span class='ocrx_word' id='word_1_413' title='bbox 881 3121 915 3160; x_wconf 89' lang='lat' dir='ltr'><strong>est</strong></span> <span class='ocrx_word' id='word_1_414' title='bbox 925 3116 993 3174; x_wconf 83' lang='lat' dir='ltr'><strong>igitur</strong></span> <span class='ocrx_word' id='word_1_415' title='bbox 1010 3116 1060 3160; x_wconf 93' lang='lat' dir='ltr'><strong>urbs</strong></span> <span class='ocrx_word' id='word_1_416' title='bbox 1076 3120 1129 3169; x_wconf 82' lang='lat' dir='ltr'><strong>tots,</strong></span> 
     </span>
     <span class='ocr_line' id='line_1_44' title="bbox 178 3177 1129 3246; baseline -0.006 -16"><span class='ocrx_word' id='word_1_417' title='bbox 178 3191 257 3246; x_wconf 73' lang='lat' dir='ltr'><strong>gentes</strong></span> <span class='ocrx_word' id='word_1_418' title='bbox 267 3201 307 3246; x_wconf 93' lang='lat' dir='ltr'><strong>per</strong></span> <span class='ocrx_word' id='word_1_419' title='bbox 314 3186 382 3246; x_wconf 91' lang='lat' dir='ltr'><strong>ipsius</strong></span> <span class='ocrx_word' id='word_1_420' title='bbox 392 3185 544 3230; x_wconf 87' lang='lat' dir='ltr'><strong>ministerium.</strong></span> <span class='ocrx_word' id='word_1_421' title='bbox 669 3188 692 3228; x_wconf 88' lang='lat' dir='ltr'><strong>et</strong></span> <span class='ocrx_word' id='word_1_422' title='bbox 710 3181 781 3227; x_wconf 82' lang='lat' dir='ltr'><strong>iactus</strong></span> <span class='ocrx_word' id='word_1_423' title='bbox 802 3188 836 3225; x_wconf 89' lang='lat' dir='ltr'><strong>est</strong></span> <span class='ocrx_word' id='word_1_424' title='bbox 854 3193 974 3223; x_wconf 87' lang='lat' dir='ltr'><strong>concursus</strong></span> <span class='ocrx_word' id='word_1_425' title='bbox 993 3177 1082 3238; x_wconf 80' lang='lat' dir='ltr'><strong>populi:</strong></span> <span class='ocrx_word' id='word_1_426' title='bbox 1108 3187 1129 3224; x_wconf 89' lang='lat' dir='ltr'><strong>et</strong></span> 
     </span>
    </p>

    <p class='ocr_par' dir='ltr' id='par_1_20' title="bbox 209 3240 1129 3308">
     <span class='ocr_line' id='line_1_45' title="bbox 209 3240 1129 3308; baseline -0.008 -14"><span class='ocrx_word' id='word_1_427' title='bbox 209 3251 242 3293; x_wconf 69' lang='lat'><strong>20</strong></span> <span class='ocrx_word' id='word_1_428' title='bbox 258 3249 292 3294; x_wconf 82' lang='lat' dir='ltr'><strong>At</strong></span> <span class='ocrx_word' id='word_1_429' title='bbox 301 3240 386 3302; x_wconf 61' lang='lat' dir='ltr'><strong>illislrr&#39;s</strong></span> <span class='ocrx_word' id='word_1_430' title='bbox 400 3248 486 3302; x_wconf 85' lang='lat' dir='ltr'><strong>auditis,</strong></span> <span class='ocrx_word' id='word_1_431' title='bbox 502 3245 640 3308; x_wconf 78' lang='lat' dir='ltr'><strong>glorificave-</strong></span> <span class='ocrx_word' id='word_1_432' title='bbox 669 3246 802 3306; x_wconf 89' lang='lat' dir='ltr'><strong>prehensum</strong></span> <span class='ocrx_word' id='word_1_433' title='bbox 820 3241 914 3288; x_wconf 86' lang='lat' dir='ltr'><strong>Paulum</strong></span> <span class='ocrx_word' id='word_1_434' title='bbox 925 3242 1038 3286; x_wconf 83' lang='lat' dir='ltr'><strong>trabebant</strong></span> <span class='ocrx_word' id='word_1_435' title='bbox 1049 3256 1062 3285; x_wconf 96' lang='lat' dir='ltr'><strong>e</strong></span> <span class='ocrx_word' id='word_1_436' title='bbox 1073 3253 1129 3287; x_wconf 85' lang='lat' dir='ltr'><strong>tern-</strong></span> 
     </span>
    </p>
   </div>
   <div class='ocr_carea' id='block_1_7' title="bbox 87 3303 1097 3370">
    <p class='ocr_par' dir='ltr' id='par_1_21' title="bbox 87 3303 1097 3370">
     <span class='ocr_line' id='line_1_46' title="bbox 87 3303 1097 3370; baseline -0.007 -13"><span class='ocrx_word' id='word_1_437' title='bbox 87 3327 93 3340; x_wconf 69' lang='lat'><em>&#39;</em></span> <span class='ocrx_word' id='word_1_438' title='bbox 179 3318 230 3356; x_wconf 89' lang='lat' dir='ltr'><strong>runt</strong></span> <span class='ocrx_word' id='word_1_439' title='bbox 241 3310 367 3357; x_wconf 86' lang='lat' dir='ltr'><strong>Dominum</strong></span> <span class='ocrx_word' id='word_1_440' title='bbox 374 3327 382 3368; x_wconf 85' lang='lat'>;</span> <span class='ocrx_word' id='word_1_441' title='bbox 399 3312 530 3357; x_wconf 88' lang='lat' dir='ltr'><strong>etdixerunt</strong></span> <span class='ocrx_word' id='word_1_442' title='bbox 540 3311 567 3363; x_wconf 89' lang='lat' dir='ltr'><strong>ei,</strong></span> <span class='ocrx_word' id='word_1_443' title='bbox 578 3307 642 3358; x_wconf 85' lang='lat' dir='ltr'><strong>con·</strong></span> <span class='ocrx_word' id='word_1_444' title='bbox 670 3309 722 3370; x_wconf 91' lang='lat' dir='ltr'><strong>plo:</strong></span> <span class='ocrx_word' id='word_1_445' title='bbox 747 3307 863 3366; x_wconf 89' lang='lat' dir='ltr'><strong>statimque</strong></span> <span class='ocrx_word' id='word_1_446' title='bbox 874 3305 960 3350; x_wconf 81' lang='lat' dir='ltr'><strong>clausae</strong></span> <span class='ocrx_word' id='word_1_447' title='bbox 971 3312 1022 3350; x_wconf 90' lang='lat' dir='ltr'><strong>sunt</strong></span> <span class='ocrx_word' id='word_1_448' title='bbox 1033 3303 1097 3350; x_wconf 84' lang='lat' dir='ltr'><strong>sores</strong></span> 
     </span>
    </p>
   </div>
   <div class='ocr_carea' id='block_1_8' title="bbox 179 3368 1130 3808">
    <p class='ocr_par' dir='ltr' id='par_1_22' title="bbox 179 3368 1127 3433">
     <span class='ocr_line' id='line_1_47' title="bbox 179 3368 1127 3433; baseline -0.005 -14"><span class='ocrx_word' id='word_1_449' title='bbox 179 3375 249 3428; x_wconf 79' lang='lat' dir='ltr'><strong>spicis,</strong></span> <span class='ocrx_word' id='word_1_450' title='bbox 261 3375 336 3428; x_wconf 80' lang='lat' dir='ltr'><strong>irater,</strong></span> <span class='ocrx_word' id='word_1_451' title='bbox 348 3381 402 3433; x_wconf 88' lang='lat' dir='ltr'><strong>quot</strong></span> <span class='ocrx_word' id='word_1_452' title='bbox 413 3375 457 3420; x_wconf 90' lang='lat' dir='ltr'><strong>sint</strong></span> <span class='ocrx_word' id='word_1_453' title='bbox 467 3375 536 3420; x_wconf 86' lang='lat' dir='ltr'><strong>millia</strong></span> <span class='ocrx_word' id='word_1_454' title='bbox 543 3373 641 3421; x_wconf 77' lang='lat' dir='ltr'><strong>Judaeo-</strong></span> <span class='ocrx_word' id='word_1_455' title='bbox 702 3376 731 3418; x_wconf 74' lang='lat'><strong>51</strong></span> <span class='ocrx_word' id='word_1_456' title='bbox 752 3370 893 3417; x_wconf 81' lang='lat' dir='ltr'><strong>studentibus</strong></span> <span class='ocrx_word' id='word_1_457' title='bbox 913 3377 985 3414; x_wconf 88' lang='lat' dir='ltr'><strong>autem</strong></span> <span class='ocrx_word' id='word_1_458' title='bbox 1005 3368 1057 3428; x_wconf 91' lang='lat' dir='ltr'><strong>ipsis</strong></span> <span class='ocrx_word' id='word_1_459' title='bbox 1079 3383 1127 3414; x_wconf 87' lang='lat' dir='ltr'><strong>eum</strong></span> 
     </span>
    </p>

    <p class='ocr_par' dir='ltr' id='par_1_23' title="bbox 179 3432 1129 3498">
     <span class='ocr_line' id='line_1_48' title="bbox 179 3432 1129 3498; baseline -0.006 -16"><span class='ocrx_word' id='word_1_460' title='bbox 179 3453 228 3482; x_wconf 89' lang='lat' dir='ltr'><strong>rum</strong></span> <span class='ocrx_word' id='word_1_461' title='bbox 239 3439 277 3497; x_wconf 91' lang='lat' dir='ltr'><strong>qui</strong></span> <span class='ocrx_word' id='word_1_462' title='bbox 288 3438 441 3495; x_wconf 86' lang='lat' dir='ltr'><strong>crediderunt;</strong></span> <span class='ocrx_word' id='word_1_463' title='bbox 459 3445 554 3498; x_wconf 87' lang='lat' dir='ltr'><strong>suntque</strong></span> <span class='ocrx_word' id='word_1_464' title='bbox 564 3452 641 3482; x_wconf 89' lang='lat' dir='ltr'><strong>omnes</strong></span> <span class='ocrx_word' id='word_1_465' title='bbox 671 3435 785 3488; x_wconf 75' lang='lat' dir='ltr'><strong>trucidare,</strong></span> <span class='ocrx_word' id='word_1_466' title='bbox 797 3434 925 3478; x_wconf 89' lang='lat' dir='ltr'><strong>nunciatum</strong></span> <span class='ocrx_word' id='word_1_467' title='bbox 936 3441 971 3476; x_wconf 89' lang='lat' dir='ltr'><strong>est</strong></span> <span class='ocrx_word' id='word_1_468' title='bbox 981 3433 1008 3476; x_wconf 83' lang='lat' dir='ltr'><strong>sd</strong></span> <span class='ocrx_word' id='word_1_469' title='bbox 1019 3432 1129 3477; x_wconf 91' lang='lat' dir='ltr'><strong>tribunum</strong></span> 
     </span>
    </p>

    <p class='ocr_par' dir='ltr' id='par_1_24' title="bbox 181 3495 1129 3611">
     <span class='ocr_line' id='line_1_49' title="bbox 181 3495 1129 3562; baseline -0.006 -16"><span class='ocrx_word' id='word_1_470' title='bbox 181 3501 264 3547; x_wconf 76' lang='lat' dir='ltr'><strong>serensi</strong></span> <span class='ocrx_word' id='word_1_471' title='bbox 277 3502 328 3558; x_wconf 73' lang='lat' dir='ltr'><strong>selo</strong></span> <span class='ocrx_word' id='word_1_472' title='bbox 339 3501 402 3562; x_wconf 82' lang='lat' dir='ltr'><strong>legis.</strong></span> <span class='ocrx_word' id='word_1_473' title='bbox 670 3499 773 3550; x_wconf 91' lang='lat' dir='ltr'><strong>cohortis,</strong></span> <span class='ocrx_word' id='word_1_474' title='bbox 792 3506 860 3542; x_wconf 86' lang='lat' dir='ltr'><strong>totam</strong></span> <span class='ocrx_word' id='word_1_475' title='bbox 879 3495 1058 3555; x_wconf 86' lang='lat' dir='ltr'><strong>Hierosolymam</strong></span> <span class='ocrx_word' id='word_1_476' title='bbox 1075 3511 1129 3540; x_wconf 90' lang='lat' dir='ltr'><strong>con·</strong></span> 
     </span>
     <span class='ocr_line' id='line_1_50' title="bbox 212 3563 853 3611; baseline -0.009 -1"><span class='ocrx_word' id='word_1_477' title='bbox 212 3567 239 3610; x_wconf 74' lang='lat'><strong>21</strong></span> <span class='ocrx_word' id='word_1_478' title='bbox 260 3564 387 3610; x_wconf 82' lang='lat' dir='ltr'><strong>Audierunt</strong></span> <span class='ocrx_word' id='word_1_479' title='bbox 397 3573 470 3611; x_wconf 88' lang='lat' dir='ltr'><strong>autern</strong></span> <span class='ocrx_word' id='word_1_480' title='bbox 482 3564 509 3609; x_wconf 89' lang='lat' dir='ltr'><strong>de</strong></span> <span class='ocrx_word' id='word_1_481' title='bbox 520 3570 542 3609; x_wconf 84' lang='lat' dir='ltr'><strong>te</strong></span> <span class='ocrx_word' id='word_1_482' title='bbox 550 3577 578 3608; x_wconf 89' lang='lat' dir='ltr'><strong>ex</strong></span> <span class='ocrx_word' id='word_1_483' title='bbox 587 3563 641 3609; x_wconf 87' lang='lat' dir='ltr'><strong>alio·</strong></span> <span class='ocrx_word' id='word_1_484' title='bbox 671 3563 778 3608; x_wconf 79' lang='lat' dir='ltr'><strong>turbatam</strong></span> <span class='ocrx_word' id='word_1_485' title='bbox 789 3576 853 3605; x_wconf 79' lang='lat' dir='ltr'><strong>esses</strong></span> 
     </span>
    </p>

    <p class='ocr_par' dir='ltr' id='par_1_25' title="bbox 181 3623 1130 3684">
     <span class='ocr_line' id='line_1_51' title="bbox 181 3623 1130 3684; baseline -0.004 -12"><span class='ocrx_word' id='word_1_486' title='bbox 181 3640 229 3672; x_wconf 84' lang='lat' dir='ltr'><strong>turn</strong></span> <span class='ocrx_word' id='word_1_487' title='bbox 240 3643 348 3682; x_wconf 88' lang='lat' dir='ltr'><strong>sermone,</strong></span> <span class='ocrx_word' id='word_1_488' title='bbox 360 3635 383 3674; x_wconf 89' lang='lat' dir='ltr'><strong>te</strong></span> <span class='ocrx_word' id='word_1_489' title='bbox 393 3628 538 3673; x_wconf 85' lang='lat' dir='ltr'><strong>defectionem</strong></span> <span class='ocrx_word' id='word_1_490' title='bbox 550 3641 564 3673; x_wconf 86' lang='lat' dir='ltr'><strong>a</strong></span> <span class='ocrx_word' id='word_1_491' title='bbox 575 3625 642 3671; x_wconf 86' lang='lat' dir='ltr'><strong>Mose</strong></span> <span class='ocrx_word' id='word_1_492' title='bbox 702 3629 735 3669; x_wconf 76' lang='lat'><strong>32</strong></span> <span class='ocrx_word' id='word_1_493' title='bbox 752 3624 798 3676; x_wconf 80' lang='lat' dir='ltr'><strong>Qui</strong></span> <span class='ocrx_word' id='word_1_494' title='bbox 810 3639 836 3668; x_wconf 89' lang='lat' dir='ltr'><strong>eo</strong></span> <span class='ocrx_word' id='word_1_495' title='bbox 848 3623 895 3682; x_wconf 89' lang='lat' dir='ltr'><strong>ipso</strong></span> <span class='ocrx_word' id='word_1_496' title='bbox 906 3629 1022 3676; x_wconf 79' lang='lat' dir='ltr'><strong>momento,</strong></span> <span class='ocrx_word' id='word_1_497' title='bbox 1037 3623 1130 3684; x_wconf 75' lang='lat' dir='ltr'><strong>acceptis</strong></span> 
     </span>
    </p>

    <p class='ocr_par' dir='ltr' id='par_1_26' title="bbox 182 3684 1127 3752">
     <span class='ocr_line' id='line_1_52' title="bbox 182 3684 1127 3752; baseline -0.005 -15"><span class='ocrx_word' id='word_1_498' title='bbox 182 3689 260 3736; x_wconf 81' lang='lat' dir='ltr'><strong>docere</strong></span> <span class='ocrx_word' id='word_1_499' title='bbox 278 3707 356 3736; x_wconf 87' lang='lat' dir='ltr'><strong>omnes</strong></span> <span class='ocrx_word' id='word_1_500' title='bbox 373 3692 410 3752; x_wconf 92' lang='lat' dir='ltr'><strong>qui</strong></span> <span class='ocrx_word' id='word_1_501' title='bbox 424 3691 482 3736; x_wconf 89' lang='lat' dir='ltr'><strong>inter</strong></span> <span class='ocrx_word' id='word_1_502' title='bbox 495 3695 575 3750; x_wconf 81' lang='lat' dir='ltr'><strong>gentes</strong></span> <span class='ocrx_word' id='word_1_503' title='bbox 591 3696 643 3734; x_wconf 92' lang='lat' dir='ltr'><strong>sunt</strong></span> <span class='ocrx_word' id='word_1_504' title='bbox 671 3688 775 3734; x_wconf 84' lang='lat' dir='ltr'><strong>militibus</strong></span> <span class='ocrx_word' id='word_1_505' title='bbox 795 3701 821 3732; x_wconf 88' lang='lat' dir='ltr'><strong>ac</strong></span> <span class='ocrx_word' id='word_1_506' title='bbox 843 3684 1012 3739; x_wconf 86' lang='lat' dir='ltr'><strong>centurionibus,</strong></span> <span class='ocrx_word' id='word_1_507' title='bbox 1036 3686 1127 3736; x_wconf 88' lang='lat' dir='ltr'><strong>decurrit</strong></span> 
     </span>
    </p>

    <p class='ocr_par' dir='ltr' id='par_1_27' title="bbox 187 3748 1119 3808">
     <span class='ocr_line' id='line_1_53' title="bbox 187 3748 1119 3808; baseline -0.005 -8"><span class='ocrx_word' id='word_1_508' title='bbox 187 3749 399 3808; x_wconf 68' lang='lat' dir='ltr'><strong>lidaeosetdicere</strong></span> <span class='ocrx_word' id='word_1_509' title='bbox 407 3769 446 3800; x_wconf 90' lang='lat' dir='ltr'><strong>eos</strong></span> <span class='ocrx_word' id='word_1_510' title='bbox 454 3769 500 3800; x_wconf 87' lang='lat' dir='ltr'><strong>non</strong></span> <span class='ocrx_word' id='word_1_511' title='bbox 509 3753 588 3799; x_wconf 88' lang='lat' dir='ltr'><strong>debere</strong></span> <span class='ocrx_word' id='word_1_512' title='bbox 598 3751 641 3799; x_wconf 83' lang='lat' dir='ltr'><strong>cir·</strong></span> <span class='ocrx_word' id='word_1_513' title='bbox 671 3751 765 3796; x_wconf 83' lang='lat' dir='ltr'><strong>adillos</strong></span> <span class='ocrx_word' id='word_1_514' title='bbox 799 3748 879 3802; x_wconf 78' lang='lat' dir='ltr'><strong>ntuli,</strong></span> <span class='ocrx_word' id='word_1_515' title='bbox 896 3763 964 3808; x_wconf 91' lang='lat' dir='ltr'><strong>quum</strong></span> <span class='ocrx_word' id='word_1_516' title='bbox 975 3751 1119 3798; x_wconf 85' lang='lat' dir='ltr'><strong>vidisseuttsi</strong></span> 
     </span>
    </p>
   </div>
   <div class='ocr_carea' id='block_1_9' title="bbox 0 0 1392 4320">
    <p class='ocr_par' dir='ltr' id='par_1_28' title="bbox 0 0 1392 4320">
     <span class='ocr_line' id='line_1_54' title="bbox 0 0 1392 4320; baseline 0 0"><span class='ocrx_word' id='word_1_517' title='bbox 0 0 1392 4320; x_wconf 95' lang='lat' dir='ltr'><strong> </strong></span> 
     </span>
    </p>
   </div>
  </div>
 </body>
</html>
