2734 4314
538 445 764 501 hlh'lTHAEUS.
788 443 834 493 Xl.

238 557 270 599 att
282 551 312 599 Et
319 556 355 612 qui
364 567 408 599 non
416 553 494 612 serpit
502 566 590 597 erucem
599 565 669 605 suam,
701 558 753 598 ante
763 550 842 598 faciem
853 562 922 606 tusra,
933 554 970 615 qui
981 554 1118 616 prasptrrhit
1131 570 1152 600 n

211 631 233 664 sc
244 633 302 678 pone
313 632 350 662 nie
360 617 465 676 sequitrr‚
477 630 522 661 non
533 622 568 661 est
576 631 612 661 me
618 615 669 676 dig-
701 629 737 663 arn
747 622 809 662 tuarn
820 631 895 662 coram
910 623 939 662 te.

209 697 256 729 uus
736 683 762 725 11
782 679 857 725 Amen
869 681 918 726 dico
929 679 998 733 vobis,
1010 693 1055 724 non
1069 685 1103 725 est
1115 695 1159 725 sus·

238 750 271 794 ³9
293 745 340 799 Qui
357 746 467 791 invenerit
484 745 579 791 animam
599 758 669 797 suurn,
701 743 781 789 citatus
789 743 1163 804 intergenitoscmulieribusquis·

208 811 283 874 perdet
302 825 366 856 erun:
391 816 414 854 et
431 809 468 869 qui
486 808 604 868 perdiderit
621 808 669 853 ani-
703 823 768 867 quam
786 809 857 868 nrajor
875 806 964 854 Joanne
983 805 1100 868 Baptistti:
1127 807 1164 853 sed

208 890 266 922 marn
290 889 354 920 surm
383 869 434 919 mea
462 869 546 927 caused,
572 872 671 917 inveniet
702 872 739 931 qui
751 877 786 916 est
803 871 909 916 nriairnus
924 871 948 916 in
963 885 1034 932 regno
1044 871 1163 925 coelorum

207 954 263 984 sam.
702 936 773 995 major
782 943 861 980 coest.
975 978 978 982 .

239 1005 271 1047 40
288 1001 334 1055 Qui
347 1001 423 1062 recipit
434 1016 481 1054 vos,
493 1015 529 1050 me
541 999 630 1061 recipit3
648 1005 672 1044 et
737 1002 767 1044 12
785 995 856 1044 Porrd
875 999 976 1044 adiebus
991 995 1085 1046 Joanuis
1104 997 1163 1060 Bap-

208 1068 244 1128 qui
256 1082 292 1112 rne
304 1067 387 1127 recipit,
400 1064 476 1126 recipit
492 1079 543 1110 eum
557 1064 595 1124 qui
611 1063 672 1109 misit
703 1063 768 1108 tistae
777 1078 847 1122 usque
855 1078 922 1116 nunc,
932 1077 1002 1123 regno
1010 1061 1123 1108 coelorum
1132 1063 1165 1110 ris

209 1145 244 1176 ure
704 1127 799 1181 ubertus,
811 1134 834 1172 et
845 1126 935 1172 violenti
947 1127 1034 1187 rapiunt
1045 1126 1105 1172 illud.

240 1197 268 1239 -li
289 1193 335 1247 Qu.
348 1193 424 1254 recipit
438 1193 567 1254 prophetam
581 1192 672 1238 nomine
738 1195 767 1236 15
785 1191 845 1237 Num
862 1205 939 1236 omnes
954 1191 1073 1251 prophetae
1086 1191 1164 1252 etipsa

208 1259 332 1321 prophetae,
344 1259 468 1304 mercedem
483 1258 602 1318 prophetae
613 1256 671 1300 acci-
702 1255 741 1301 lex
752 1255 859 1316 usquead
870 1253 980 1302 Joannern
992 1251 1157 1316 prophetinrnt.

209 1321 267 1385 piet:
289 1321 366 1382 etqui
384 1322 461 1380 recipit
475 1322 562 1382 Justum
580 1319 671 1365 nomine
737 1322 767 1363 14
784 1318 822 1371 Er,
834 1319 852 1364 si
864 1318 931 1364 vultis
947 1320 988 1365 hoc
1004 1319 1106 1379 recipere,
1118 1319 1164 1379 ipse

208 1389 265 1438 ‘usis
277 1385 401 1431 mercedem
408 1385 464 1446 justi
475 1383 574 1444 accipiet.
702 1390 737 1429 est
749 1381 811 1428 Elias
822 1383 864 1436 ille,
876 1383 913 1442 qui
925 1389 1031 1429 venturus
1042 1391 1095 1428 erat

240 1453 272 1494 42
296 1447 327 1494 Et
346 1451 472 1508 quicunque
488 1455 565 1508 potum
587 1446 672 1492 dederit
738 1449 767 1494 15
785 1447 830 1501 Qui
842 1447 907 1492 hbet
918 1447 1164 1500 auresalauctiesdum,

208 1514 245 1560 uni
262 1527 292 1559 ex
308 1512 343 1558 his
360 1513 434 1573 parvis
451 1512 555 1572 poculum
571 1509 671 1572 frigidae,
703 1511 784 1557 audiat
872 1511 877 1516 “

208 1575 280 1623 soliirn
300 1577 390 1622 nomine
409 1576 516 1636 discipuli,
535 1590 600 1622 amen
622 1575 671 1620 dico
738 1579 767 1622 16
785 1575 830 1622 Sed
842 1576 877 1620 cui
894 1575 1018 1620 assimilabo
1032 1581 1122 1635 gentem
1134 1575 1164 1620 is·

209 1641 277 1690 robis.
285 1655 330 1686 non
339 1640 457 1701 perdiderit
468 1640 592 1686 mercedem
601 1653 671 1686 susm.
704 1639 769 1684 tarn?
787 1639 869 1686 Similis
886 1645 920 1684 est
934 1639 1030 1698 puerulis
1042 1639 1078 1698 qui
1089 1639 1164 1685 sedent

702 1703 725 1748 in
737 1702 797 1757 ioris,
809 1710 832 1749 et
842 1703 965 1748 acclamant
976 1703 1085 1748 sodalibus
1096 1703 1148 1754 suis,

366 1766 440 1816 CAP.
464 1766 510 1813 xl.
739 1771 766 1814 17
784 1767 820 1813 Ac
829 1766 988 1819 dicuntTrbiis
997 1766 1116 1812 cecinimus
1124 1782 1163 1811 vo-

265 1831 383 1879 Tiactum
393 1839 434 1886 est,
447 1847 514 1892 quum
526 1830 593 1877 linem
604 1829 670 1876 fecis·
702 1831 743 1884 bis,
762 1838 786 1877 et
805 1846 850 1878 non
867 1827 962 1876 saltistis
970 1847 977 1886 ;
994 1830 1108 1877 lamentati
1125 1846 1163 1876 su-

282 1905 316 1942 set
323 1896 390 1944 Jesus
401 1897 546 1958 praecipiendi
556 1896 671 1941 duodecim
703 1911 753 1941 mus
765 1896 834 1948 vobis,
845 1903 869 1941 et
879 1910 924 1940 nou
935 1895 1057 1955 planxistis.

207 1961 319 2022 discipulis
330 1962 382 2016 suis,
394 1970 420 2006 ut
433 1961 546 2022 digressus
559 1960 619 2005 illinc
629 1960 671 2005 do·
738 1963 767 2004 18
784 1958 854 2005 Venit
865 1959 924 2004 euim
935 1958 1035 2006 Joannes
1047 1973 1087 2003 nec
1098 1957 1165 2004 edens

207 2033 274 2080 teret,
291 2033 314 2071 et
331 2025 471 2086 praedicaret,
487 2025 510 2070 in
525 2025 614 2070 urbibus
630 2039 670 2068 eo·
703 2037 744 2068 nec
754 2023 836 2077 bibens,
848 2033 871 2068 et
881 2023 951 2080 aiunt,
964 2019 1113 2069 Daemonium
1125 2023 1165 2068 ha·

209 2104 264 2135 rum.
561 2120 563 2125 ·
703 2087 746 2132 bet.

241 2157 257 2198 2
273 2150 397 2212 {Joannes
408 2157 489 2205 autem,
499 2165 566 2211 quum
576 2149 672 2196 audisset
738 2154 767 2198 19
784 2149 854 2196 Venit
866 2149 936 2197 Filius
950 2150 1047 2196 hominis
1061 2149 1128 2196 edens
1140 2165 1165 2195 ae

208 2217 230 2262 in
242 2217 336 2262 vinculis
347 2231 414 2277 opera
426 2215 517 2269 Christi,
529 2215 602 2261 missis
614 2215 670 2260 duo·
702 2215 793 2270 bibens;
810 2222 833 2260 et
844 2215 926 2266 dicunt,
944 2214 1007 2264 Ecce
1020 2215 1087 2260 homo
1101 2213 1164 2267 edax,

208 2287 248 2328 bus
259 2295 287 2331 ex
298 2279 410 2341 discipulis
421 2281 473 2334 suis,
703 2288 727 2324 et
737 2279 783 2325 vini
794 2287 865 2340 potor,
876 2277 1042 2340 publicanorum
1051 2278 1156 2324 amicuse

239 2344 456 2397 5Dixitei,Tune
471 2345 491 2390 is
505 2343 577 2404 ecqui
590 2350 670 2389 ventu·
702 2353 850 2404 peccatorum.
885 2343 930 2388 Sed
943 2342 1064 2404 justificata
1078 2348 1113 2388 est
1129 2357 1164 2387 sa·

211 2421 246 2454 tus
255 2416 308 2462 erat,
320 2425 348 2455 an
360 2409 426 2455 alium
438 2407 623 2470 expectabimus?
702 2408 785 2468 pientia
795 2422 808 2452 a
818 2407 868 2451 liliis
879 2407 932 2452 suis.

240 2477 256 2518 4
273 2473 306 2519 Et
323 2473 458 2534 respondens
477 2471 545 2519 Jesus
562 2471 617 2516 dixit
632 2471 670 2522 eis,
736 2475 768 2515 20
783 2470 849 2515 Tunc
858 2468 929 2528 coepit
938 2483 989 2514 curn
1000 2468 1084 2529 probris
1092 2469 1164 2514 incre-

209 2534 244 2582 lte
255 2545 277 2582 et
289 2538 415 2582 renunciate
427 2535 509 2582 Joanni
522 2549 578 2595 quae
592 2535 671 2580 auditis
702 2548 755 2594 pare
764 2533 865 2578 civitates
876 2532 899 2576 in
910 2532 988 2592 quibus
996 2532 1067 2577 editae
1078 2530 1165 2578 fuerant

208 2607 231 2646 et
241 2601 334 2646 videtisr
702 2596 809 2656 plurimae
820 2597 913 2642 virtutes
924 2595 998 2656 ipsius,
1006 2591 1065 2655 quod
1076 2610 1121 2641 non
1129 2612 1164 2641 re-

240 2665 256 2710 5
274 2661 340 2710 Caeci
353 2663 424 2708 visum
441 2662 554 2722 recipiunt
571 2666 594 2706 et
609 2659 670 2706 clau·
702 2661 833 2721 sipnissent;
850 2662 934 2713 dicens,

123 2719 126 2726 ¹
208 2727 229 2772 di
247 2727 366 2779 ambulant,
386 2726 465 2786 leprosi
488 2723 628 2776 mundantur,
648 2731 685 2770 et·
735 2728 763 2768 21
783 2723 834 2770 Vae
851 2723 895 2777 tibi,
916 2721 1043 2770 Chorazin!
1062 2739 1104 2768 vae
1121 2723 1165 2777 ubi,

208 2791 267 2837 surdi
283 2789 380 2842 audiunt,
398 2791 479 2834 mortui
495 2789 634 2844 suscitantur,
648 2795 671 2834 et
703 2787 836 2834 Bethsaida!
860 2803 910 2833 nam
929 2787 946 2832 si
966 2787 1022 2848 Tyri
1042 2793 1065 2832 et
1083 2786 1166 2834 Sidone

208 2852 530 2916 pauperibusevungelizsturt
701 2851 773 2898 editae
793 2852 888 2898 fuissent
909 2851 1001 2897 virtutes
1020 2865 1076 2911 quae
1095 2851 1166 2898 editae

240 2923 256 2964 6
273 2917 305 2963 Et
316 2919 392 2963 beatus
403 2917 486 2977 estqui
499 2930 545 2962 non
556 2914 624 2961 luerit
634 2916 668 2961 of·
702 2923 755 2962 sunt
764 2916 823 2977 apud
833 2931 881 2968 vos,
893 2915 946 2961 olim
957 2931 1009 2961 curn
1024 2931 1088 2962 sacco
1099 2923 1123 2962 et
1133 2916 1164 2961 ci·

156 3005 159 3008 ·
208 2982 284 3029 iensus
295 2982 317 3027 in
329 2997 372 3028 me
703 2995 756 3026 nere
766 2983 866 3027 sedentes
877 2980 1026 3042 resipuissent

241 3049 255 3093 7
278 3045 327 3092 Illis
348 3052 421 3092 autern
443 3044 579 3098 abeuntibus,
598 3045 672 3106 coepit
736 3048 767 3090 22
784 3045 975 3099 Quinetiam'dico
987 3043 1057 3097 robis,
1069 3043 1133 3104 Tyro
1144 3051 1165 3088 et

212 3109 276 3160 Iesus
287 3111 359 3156 dicere
370 3111 446 3156 turbae
459 3109 487 3156 de
501 3107 596 3162 Joanne,
609 3108 672 3163 Quid
705 3108 782 3156 Sidoni
793 3109 926 3156 tolerabilior
936 3109 978 3155 erit
988 3109 1085 3156 conditio
1096 3107 1119 3154 in
1131 3107 1166 3154 die
1237 3125 1241 3130 ·

209 3175 293 3220 exiistis
302 3175 325 3220 in
337 3175 448 3221 desertum
457 3173 592 3235 spectaturi?
603 3189 667 3220 arun·
698 3174 783 3236 judicii,
795 3170 861 3234 quim
873 3179 954 3220 vestra.

209 3239 281 3284 dinem
293 3253 350 3298 quae
360 3237 457 3300 agitetur
467 3253 481 3284 a
490 3237 575 3284 vento?
736 3242 768 3284 2³
785 3238 816 3284 Et
827 3245 859 3292 tu,
872 3235 1019 3299 capernaum,
1029 3251 1085 3296 quae
1093 3250 1117 3281 es

241 3305 256 3346 8
274 3302 318 3348 Sed
329 3303 382 3363 quid
394 3303 479 3352 exiistis
491 3300 579 3347 visuri?
597 3301 670 3347 borni-
703 3317 746 3360 que
756 3301 785 3347 sd
795 3302 881 3347 coelum
893 3301 983 3352 sublata,
995 3299 1100 3359 usquead
1108 3299 1131 3344 in
1140 3314 1165 3345 o·

210 3379 260 3411 nera
267 3366 369 3412 mollibus
376 3367 474 3411 vestibus
481 3363 603 3410 amictum?
613 3380 672 3420 ecoe,
705 3380 742 3410 ros
753 3361 894 3425 deprimerisr
913 3378 965 3408 narn
977 3363 1107 3410 siSodornis
1117 3362 1165 3410 edio

211 3430 245 3489 qui
261 3437 343 3489 gerunt
355 3429 434 3476 molles
447 3437 521 3475 restes
537 3429 560 3474 in
571 3428 672 3475 domibus
704 3435 740 3473 tae
750 3427 844 3473 luissent
854 3427 948 3472 virtues
958 3441 1014 3486 quae
1030 3427 1101 3474 editae
1114 3433 1165 3473 sunt

211 3507 287 3552 regum
300 3499 359 3538 sunt
704 3492 762 3552 apud
773 3499 801 3544 te,
812 3491 946 3537 mansissent
961 3506 1028 3551 usque
1039 3491 1067 3538 ad
1077 3491 1157 3538 hodier-

242 3560 256 3603 9
274 3556 318 3601 Sed
344 3556 381 3602 uid
389 3557 473 3602 exiistis
480 3554 565 3602 visuri?
576 3556 671 3616 prophe·
704 3570 757 3600 num
768 3555 834 3600 diem.

213 3617 271 3666 am?
287 3628 347 3666 certe
359 3621 408 3666 dico
422 3622 485 3667 vobis
499 3621 565 3667 etiem
578 3617 672 3680 amplids
736 3622 768 3664 24
792 3619 922 3672 Quinetiam
939 3619 989 3665 dico
1006 3619 1075 3673 vobis,
1095 3625 1164 3665 terras

210 3681 275 3743 quim
286 3685 423 3745 prophetem.
705 3682 852 3729 Sodomorum
865 3683 999 3730 tolerabilior
1015 3683 1056 3729 erit
1069 3684 1163 3730 conditis

246 3750 274 3792 10
292 3745 338 3794 iste
348 3762 409 3794 enam
424 3753 460 3793 est
471 3747 554 3806 dequo
566 3747 671 3808 scriptum
703 3748 727 3793 in
738 3747 773 3793 die
784 3747 863 3801 'udicih
875 3744 941 3809 quim
953 3754 998 3794 tue.

209 3816 246 3866 est,
263 3809 324 3858 Ecce
338 3826 382 3874 ego
398 3812 465 3920 mitltp
476 3812 581 3857 nuncium
597 3825 671 3857 meum
736 3813 767 3858 25
779 3763 813 3857 ln
825 3811 863 3859 illo
873 3821 973 3874 tempore
981 3807 1153 3874 respondentia
