2756 4320
561 417 676 476 ACTA,
698 419 772 468 XIX.

206 532 239 577 10
249 529 316 578 Nam
323 545 368 592 ego
375 545 424 577 sum
431 539 514 583 tecunr,
523 533 547 573 et
554 541 619 573 neno
626 533 649 572 te
680 527 777 584 nomine,
789 527 953 576 Alexandrinus
960 545 1049 591 genere,
1059 531 1091 578 air
1099 535 1140 580 ὼ

176 597 268 644 ΜΗ
283 603 311 641 ut
326 595 365 640 tibi
381 593 521 640 malefaciat:
546 591 649 651 quoniam
680 607 757 651 quens,
768 594 868 654 pervenit
886 593 1008 655 Ephesum,
1027 603 1106 657 potens
1123 596 1144 644 la

179 661 272 722 populus
282 667 319 704 est
333 659 386 704 mihi
398 658 482 702 multus
495 657 519 701 iu
535 655 576 700 hac
591 655 650 699 urbe.
682 655 808 716 Scripturis.

212 727 238 768 11
260 716 649 778 Commoratusestitaques'ilioan·
713 721 744 765 25
762 719 809 765 Hic
819 726 866 765 erat
874 719 971 766 initiatus
982 718 1017 766 vid
1035 720 1145 776 Dominis

180 799 233 832 num
241 793 266 832 et
276 799 318 830 sex
328 799 422 838 meuses,
442 784 526 829 docens
536 782 594 843 apud
611 796 650 827 eos
680 789 703 826 et
710 781 799 828 lervens
811 784 894 843 spiritu,
906 783 1034 843 loquebatur
1044 791 1067 830 et
1078 786 1145 831 dots-

181 863 308 895 sermonem
321 847 374 894 Dei.
680 845 716 890 bat
727 846 844 906 diligenter
854 862 880 892 ea
891 861 947 906 qnae
962 856 1015 893 sunt
1035 847 1146 907 Domuri‘,

215 916 245 957 12
263 912 342 964 Quum
351 918 424 957 autem
437 909 513 956 Gallio
524 915 582 954 esset
598 923 650 969 pro·
680 909 752 954 sciens
763 907 848 954 tantrim
859 909 967 970 baptisma
977 910 1086 958 Joannis:

181 975 260 1022 ososul
270 976 374 1026 Achaiae,
381 976 549 1019 insurrexerunt
557 987 650 1017 concor·
713 976 745 1017 26
762 971 886 1032 Coepitque
897 969 964 1018 liberi
974 974 1034 1034 loqui
1045 975 1068 1020 in
1076 991 1145 1036 syna.

183 1040 239 1085 diter
255 1038 334 1086 Judaei
354 1038 376 1083 in
395 1037 498 1090 Paulum,
516 1043 539 1081 et
553 1035 651 1081 adduxe·
680 1033 757 1096 gogd:
776 1051 842 1095 quem
853 1036 952 1082 auditum
961 1037 1072 1096 Aquilaet
1082 1039 1146 1086 Pris-

183 1109 236 1148 runt
246 1117 298 1148 curn
309 1102 338 1147 ad
348 1101 448 1154 tribunal,
681 1099 737 1151 cilia,
755 1107 921 1159 assumpserunt
937 1107 960 1145 et
978 1100 1107 1161 exquisitius
1125 1103 1146 1150 ei

218 1169 248 1210 13
266 1164 380 1218 Dicentes,
393 1163 441 1209 Iste
451 1161 568 1225 persuadet
578 1162 651 1208 horni-
681 1171 832 1222 exposuerunt
843 1162 901 1208 viam
911 1161 964 1208 Dei.

181 1229 248 1275 nibus
259 1229 331 1274 oolere
340 1228 416 1274 Deum
427 1235 506 1272 contra
516 1227 597 1286 legem.
715 1229 745 1271 27
763 1225 841 1278 Quum
851 1232 927 1271 autern
937 1225 1004 1272 velet
1016 1229 1107 1274 transhe
1123 1229 1146 1278 in

219 1297 250 1338 14
266 1292 338 1338 Paulo
355 1288 409 1338 verri
424 1292 473 1353 jam
495 1305 520 1335 os
542 1297 651 1351 aperturo,
683 1288 797 1342 Achaiam,
809 1289 887 1335 iratres
895 1305 946 1336 mm
954 1291 1068 1346 adhortati,
1077 1293 1147 1355 scrip.

184 1357 241 1403 dixit
253 1355 433 1409 Gallio‘Judaeis,
447 1355 516 1414 Siqua
526 1353 605 1415 injuria
614 1368 651 1398 es·
682 1360 758 1398 serunt
769 1353 881 1414 discipulis
893 1359 918 1398 ut
933 1355 1061 1415 exciperent
1076 1371 1144 1404 eumz

184 1430 226 1474 set,
254 1427 294 1465 aut
310 1419 394 1465 lacinus
416 1418 506 1472 malum,
529 1415 542 1462 ὃ
564 1416 651 1470 Judaei,
682 1417 720 1475 qui
730 1431 799 1477 quum
810 1417 942 1471 advenisset,
954 1418 1049 1465 muitum
1067 1427 1146 1466 contu·

183 1491 293 1545 quatenus
314 1499 407 1544 aequum
428 1491 487 1528 esset
508 1497 549 1527 vor
567 1481 648 1527 tolera·
682 1480 707 1526 lit
718 1481 744 1526 iis
755 1481 792 1542 qui
799 1482 939 1527 crediderunt
946 1497 986 1543 per
995 1484 1104 1544 gratiam:

184 1563 247 1594 rem:
296 1551 298 1554 '
715 1549 746 1590 28
763 1542 850 1606 Magni
865 1545 925 1591 enim
941 1547 1084 1594 contentione
1102 1547 1146 1596 Ju-

218 1614 249 1658 15
266 1611 306 1658 sin
318 1608 368 1656 reni
379 1610 480 1670 quaestio
491 1609 651 1654 estdesermo·
682 1608 748 1654 dseos
769 1610 841 1669 magis
862 1624 888 1654 ac
909 1610 981 1670 magis
1002 1612 1146 1672 redarguebat

183 1691 213 1722 ne
223 1683 246 1722 et
257 1675 387 1728 nominibus,
397 1682 425 1720 et
432 1675 482 1734 lege
491 1680 593 1726 vestrate,
611 1671 651 1733 ipsr
682 1669 774 1732 publice,
786 1673 904 1718 ostendens
914 1688 953 1733 per
965 1674 1090 1735 Scripturas
1106 1675 1147 1723 Je-

183 1740 296 1786 videritis:
311 1739 381 1801 judex
392 1739 452 1784 enim
463 1752 507 1798 ego
516 1737 606 1782 istarum
617 1751 651 1782 re·
682 1750 731 1782 sum
742 1751 790 1782 esse
802 1735 917 1783 Christum
928 1737 996 1783 illum.

184 1803 362 1850 ramessenolo.

218 1871 248 1914 16
266 1867 299 1912 Et
309 1867 382 1927 abegit
393 1863 575 1912 eosatribunali.
828 1860 902 1910 CAP.
925 1861 992 1909 xtx

218 1935 247 1978 17
261 1929 563 1976 Prehensumautemomnes
572 1926 653 1974 Graeci
742 1923 867 1972 ACTUM
873 1932 908 1971 est
915 1933 988 1971 autem
996 1926 1090 1980 interim,
1096 1927 1147 1975 dum

184 1993 652 2054 Sosthenempraefectumsynagogascae-
773 1989 869 2050 Apollas
899 1996 958 2036 esset
986 1987 1095 2044 Corinthi,
1123 1999 1147 2038 ut

181 2060 265 2105 debant
284 2065 335 2104 ante
357 2057 468 2103 tribunal:
496 2071 567 2116 neque
589 2055 652 2115 quio-
687 2053 777 2107 Paulus,
789 2053 910 2116 peragratis
921 2054 1069 2116 superioribus
1079 2057 1146 2116 parti·

182 2138 249 2182 quam
261 2137 338 2167 eorum
348 2121 446 2168 Gallioni
457 2135 522 2166 curae
530 2125 584 2166 erat.
685 2119 732 2172 bus,
755 2118 840 2164 veniret
859 2117 990 2178 Ephesum:
1021 2119 1056 2164 ubi
1078 2134 1146 2179 quum

218 2189 246 2230 ts
266 2185 349 2230 Paulus
364 2182 417 2230 verri
433 2199 502 2246 quum
519 2183 590 2230 adbuc
607 2177 655 2230 illle
686 2181 804 2242 discipulos
815 2182 921 2241 quosdam
932 2181 1059 2235 invenisset,

181 2249 341 2310 permansisset
359 2249 406 2294 dies
428 2249 517 2301 multos,
545 2247 654 2293 valedicto
719 2245 865 2294 2Dixiteis,
879 2244 941 2290 Num
954 2245 1059 2304 Spiritum
1078 2246 1146 2291 Sanc·

184 2312 296 2368 iratribus,
318 2312 447 2374 enavigavit
467 2312 490 2357 in
514 2311 609 2372 Syriam,
631 2317 654 2356 et
686 2317 734 2355 tarn
753 2309 867 2368 accepistis
886 2317 1027 2367 posteaquam
1044 2309 1147 2353 credidis-

183 2395 235 2426 cum
247 2395 275 2424 eo
288 2377 389 2423 Priscilla
399 2383 421 2422 et
433 2373 521 2436 Aquila,
538 2389 606 2436 quum
618 2380 653 2419 to-
686 2372 734 2418 tis?
751 2370 787 2416 Illi
800 2369 852 2416 verd
863 2371 965 2416 dixerunt
979 2371 1006 2416 ei.
1024 2369 1074 2415 imo
1092 2373 1148 2417 sitne

183 2443 293 2489 tondisset
314 2447 382 2502 caput
405 2437 542 2487 Cenchreist
561 2439 654 2484 habebat
687 2435 781 2513 Spiritus
793 2435 894 2486 Sanctus,
913 2447 941 2479 ae
960 2434 1083 2479 audivimus
1099 2437 1147 2493 qui·

184 2507 246 2553 enirn
259 2513 344 2552 votum.
685 2501 743 2546 dem.

221 2573 251 2616 19
269 2567 376 2614 Pervenit
395 2573 468 2612 autem
489 2565 611 2618 Ehesum,
630 2571 654 2610 et
717 2562 815 2608 5Tuuc
826 2561 881 2607 dixit
892 2561 929 2613 eis,
939 2559 1025 2621 inquid
1034 2576 1088 2622 ergo
1095 2561 1148 2622 bap·

186 2633 264 2680 eosibi
284 2633 387 2692 reliquit:
406 2631 453 2690 ipse
469 2645 523 2676 vero
538 2629 653 2690 ingressus
684 2627 749 2672 tiaati
768 2625 841 2672 estis?
860 2624 906 2686 Ipsi
924 2623 978 2671 verri
993 2626 1102 2680 dixerunt,
1121 2623 1148 2672 ln

186 2711 333 2758 synagogam,
345 2695 447 2740 disseruit
455 2709 506 2740 cum
517 2692 615 2741 Judaeir.
684 2691 778 2739 Joannis
789 2689 907 2752 baptisma.

219 2764 252 2806 20
267 2759 409 2820 Rogantibus
446 2764 519 2804 autern
550 2757 602 2817 ipsis
629 2761 655 2802 u‘.
716 2755 906 2800 annitentem
934 2752 1024 2806 Paulus,
1050 2752 1149 2800 Joanrtes

186 2821 269 2870 diutiris
280 2824 338 2885 apud
348 2823 408 2884 ipsos
425 2829 529 2875 maneret,
548 2831 593 2866 non
612 2834 653 2866 an·
683 2814 772 2880 quiddm
779 2818 899 2880 baptizavit
906 2817 1013 2879 baptismo
1021 2819 1149 2878 resipiseen·

188 2888 253 2934 nuit:
685 2885 735 2936 tiae,
745 2883 819 2928 dicens
830 2881 918 2942 populo,
930 2889 955 2927 ut
966 2882 988 2926 in
999 2897 1050 2926 eum
1061 2882 1098 2940 qui
1108 2895 1147 2926 ve·

221 2954 249 2996 21
270 2949 427 2996 Sedvaledixit
438 2948 476 3002 eis,
488 2948 569 3001 dicens,
580 2945 654 3007 Opor·
686 2947 760 2992 niebat
770 2954 821 3006 post
831 2947 902 3005 ipsum
914 2945 1035 2997 crederent,
1051 2945 1094 2988 hoc
1107 2950 1149 2996 est,

190 3015 325 3061 tetomnino
335 3029 372 3058 me
383 3013 441 3058 diem
452 3012 533 3058 festum
545 3011 656 3070 quiinstat
686 3011 710 3055 in
723 3007 839 3055 Christum
850 3006 936 3053 Jesum.
1055 3027 1060 3038 ·

189 3092 256 3140 agere
269 3077 450 3135 Hierosolymis:
470 3076 508 3120 sed
523 3075 603 3121 iterum
620 3089 655 3118 re·
719 3073 734 3118 5
752 3071 798 3124 Qui
809 3066 1066 3119 verriillumaudienrnt,
1078 3067 1148 3128 bapti.

189 3141 359 3194 rertmadvos,
371 3139 425 3186 Deo
436 3139 531 3186 volente.
565 3137 597 3184 Et
605 3151 657 3198 pro-
688 3135 734 3182 zati
746 3133 831 3178 untia
843 3130 1026 3176 nornenDomrni
1038 3129 1099 3176 Jesu

190 3213 268 3252 vectus
279 3211 313 3250 est
324 3203 423 3264 Epheso.
721 3203 736 3243 6
752 3196 785 3242 Et
795 3209 863 3255 quum
874 3194 1014 3254 imposuisset
1023 3193 1055 3238 eis
1071 3207 1150 3242 manus

223 3273 254 3313 22
273 3268 394 3326 Quumque
405 3265 555 3311 descendisset
572 3261 657 3311 Caesa·
691 3261 780 3313 Paulus,
791 3261 853 3304 venit
863 3257 956 3319 Spiritus
966 3258 1059 3303 Sanctus
1070 3256 1093 3301 in
1103 3272 1147 3305 ens

193 3346 259 3384 mm,
271 3331 449 3389 ascendissetqua
466 3329 657 3387 Hierosolymam,
689 3333 712 3372 et
727 3324 872 3384 loquebantur
887 3321 976 3382 linguis,
992 3329 1015 3367 et
1031 3321 1146 3382 propheta·

192 3405 216 3441 et
227 3392 343 3440 salutdsset
355 3393 476 3446 ecclesiasti,
486 3391 599 3444 descendit
607 3391 657 3436 An·
689 3391 749 3435 bant.

195 3459 302 3506 a'ochiam.
722 3457 737 3498 ’1
754 3450 826 3496 Erant
837 3455 999 3494 autem'omnes
1010 3446 1045 3492 isti
1058 3446 1097 3492 viri
1106 3445 1147 3495 air·

225 3527 257 3566 25
274 3521 305 3567 Ε1
317 3535 385 3581 quum
397 3519 479 3580 egisset
495 3515 544 3564 illic
560 3517 658 3577 aliquan-
689 3517 745 3562 citer
755 3515 876 3560 duodecim.

196 3585 271 3638 sulum,
283 3586 341 3638 abiit,
353 3598 474 3644 peragrans
493 3583 570 3628 ordine
589 3581 658 3626 Gala·
723 3573 997 3637 SIpseporrdingressus
1004 3589 1149 3636 synagogam,
1185 3624 1187 3627 ¹

195 3649 259 3694 bearn
271 3648 386 3710 regionem
397 3655 421 3692 et
433 3645 560 3708 Phrygiam,
578 3644 658 3690 confir-
689 3637 1093 3700 tibertloquebatursdtresmenser,
1104 3639 1148 3685 dis·
1194 3657 1199 3664 ,

197 3725 258 3758 arans
268 3725 347 3757 omnes
357 3709 483 3770 discipulos.
566 3737 572 3746 ι
690 3719 765 3751 serens
782 3713 806 3749 et
824 3701 917 3748 suaderis
936 3717 991 3762 quae
1009 3703 1037 3749 ad
1056 3717 1149 3766 ιεςιιιω

227 3777 258 3821 24
273 3774 454 3824 Judaeusautern
462 3773 556 3832 quidam,
567 3770 659 3831 Apollos
692 3769 738 3815 Dei
745 3767 869 3825 pertinent.
