<?xml version="1.0" encoding="UTF-8"?>
<!DOCTYPE html PUBLIC "-//W3C//DTD XHTML 1.0 Transitional//EN"
    "http://www.w3.org/TR/xhtml1/DTD/xhtml1-transitional.dtd">
<html xmlns="http://www.w3.org/1999/xhtml" xml:lang="en" lang="en">
 <head>
  <title>
</title>
<meta http-equiv="Content-Type" content="text/html;charset=utf-8" />
  <meta name='ocr-system' content='tesseract 3.04.00' />
  <meta name='ocr-capabilities' content='ocr_page ocr_carea ocr_par ocr_line ocrx_word'/>
</head>
<body>
  <div class='ocr_page' id='page_1' title='image "./novumtestamentu03unkngoog_0028.png"; bbox 0 0 2734 4314; ppageno 0'>
   <div class='ocr_carea' id='block_1_1' title="bbox 545 385 846 442">
    <p class='ocr_par' dir='ltr' id='par_1_1' title="bbox 545 385 846 442">
     <span class='ocr_line' id='line_1_1' title="bbox 545 385 846 442; baseline 0.003 -11"><span class='ocrx_word' id='word_1_1' title='bbox 545 385 772 442; x_wconf 70' lang='lat' dir='ltr'>ntnt&#39;rltnnUS,</span> <span class='ocrx_word' id='word_1_2' title='bbox 800 388 846 433; x_wconf 80' lang='lat' dir='ltr'>XV</span> 
     </span>
    </p>
   </div>
   <div class='ocr_carea' id='block_1_2' title="bbox 183 491 1222 2028">
    <p class='ocr_par' dir='ltr' id='par_1_2' title="bbox 183 491 1222 2028">
     <span class='ocr_line' id='line_1_2' title="bbox 224 491 1174 559; baseline 0.002 -19"><span class='ocrx_word' id='word_1_3' title='bbox 224 493 310 540; x_wconf 77' lang='lat' dir='ltr'>n&#39;mun:</span> <span class='ocrx_word' id='word_1_4' title='bbox 332 503 355 538; x_wconf 81' lang='lat' dir='ltr'>et</span> <span class='ocrx_word' id='word_1_5' title='bbox 371 505 439 551; x_wconf 82' lang='lat' dir='ltr'>quum</span> <span class='ocrx_word' id='word_1_6' title='bbox 455 492 563 552; x_wconf 84' lang='lat' dir='ltr'>coepisset</span> <span class='ocrx_word' id='word_1_7' title='bbox 577 491 683 552; x_wconf 79' lang='lat' dir='ltr'>demergi,</span> <span class='ocrx_word' id='word_1_8' title='bbox 748 491 776 536; x_wconf 87' lang='grc'>11</span> <span class='ocrx_word' id='word_1_9' title='bbox 797 491 851 538; x_wconf 95' lang='lat' dir='ltr'>Non</span> <span class='ocrx_word' id='word_1_10' title='bbox 863 493 923 554; x_wconf 78' lang='lat' dir='ltr'>qnod</span> <span class='ocrx_word' id='word_1_11' title='bbox 934 494 1057 556; x_wconf 77' lang='lat' dir='ltr'>ingredtur</span> <span class='ocrx_word' id='word_1_12' title='bbox 1066 497 1088 542; x_wconf 86' lang='lat' dir='ltr'>in</span> <span class='ocrx_word' id='word_1_13' title='bbox 1097 496 1174 559; x_wconf 69' lang='lat' dir='ltr'>onpob</span> 
     </span>
     <span class='ocr_line' id='line_1_3' title="bbox 221 553 1179 622; baseline 0.009 -24"><span class='ocrx_word' id='word_1_14' title='bbox 221 557 330 609; x_wconf 73' lang='lat' dir='ltr'>clannavit,</span> <span class='ocrx_word' id='word_1_15' title='bbox 342 555 424 608; x_wconf 84' lang='lat' dir='ltr'>dicens,</span> <span class='ocrx_word' id='word_1_16' title='bbox 437 553 543 610; x_wconf 84' lang='lat' dir='ltr'>Domine,</span> <span class='ocrx_word' id='word_1_17' title='bbox 556 571 621 602; x_wconf 86' lang='lat' dir='ltr'>serva</span> <span class='ocrx_word' id='word_1_18' title='bbox 631 571 667 602; x_wconf 89' lang='lat' dir='ltr'>me</span> <span class='ocrx_word' id='word_1_19' title='bbox 677 555 683 605; x_wconf 95' lang='lat'>!</span> <span class='ocrx_word' id='word_1_20' title='bbox 716 555 757 602; x_wconf 92' lang='lat' dir='ltr'>luit</span> <span class='ocrx_word' id='word_1_21' title='bbox 767 556 897 613; x_wconf 70' lang='lat' dir='ltr'>hominem</span> <span class='ocrx_word' id='word_1_22' title='bbox 916 559 955 604; x_wconf 88' lang='lat' dir='ltr'>sed</span> <span class='ocrx_word' id='word_1_23' title='bbox 963 560 1023 618; x_wconf 90' lang='lat' dir='ltr'>quod</span> <span class='ocrx_word' id='word_1_24' title='bbox 1030 561 1144 622; x_wconf 72' lang='lat' dir='ltr'>egreditur</span> <span class='ocrx_word' id='word_1_25' title='bbox 1152 576 1179 609; x_wconf 86' lang='lat' dir='ltr'>et</span> 
     </span>
     <span class='ocr_line' id='line_1_4' title="bbox 252 616 1082 682; baseline 0.002 -16"><span class='ocrx_word' id='word_1_26' title='bbox 252 623 282 666; x_wconf 76' lang='lat'>³1</span> <span class='ocrx_word' id='word_1_27' title='bbox 302 619 382 666; x_wconf 87' lang='lat' dir='ltr'>Statim</span> <span class='ocrx_word' id='word_1_28' title='bbox 391 616 444 664; x_wconf 84' lang='lat' dir='ltr'>verd</span> <span class='ocrx_word' id='word_1_29' title='bbox 453 619 526 670; x_wconf 85' lang='lat' dir='ltr'>Jesus,</span> <span class='ocrx_word' id='word_1_30' title='bbox 535 617 628 666; x_wconf 69' lang='lat' dir='ltr'>extensi</span> <span class='ocrx_word' id='word_1_31' title='bbox 635 635 684 666; x_wconf 85' lang='lat' dir='ltr'>ma·</span> <span class='ocrx_word' id='word_1_32' title='bbox 716 635 761 672; x_wconf 90' lang='lat' dir='ltr'>ore,</span> <span class='ocrx_word' id='word_1_33' title='bbox 773 620 816 666; x_wconf 84' lang='lat' dir='ltr'>hoc</span> <span class='ocrx_word' id='word_1_34' title='bbox 826 620 905 682; x_wconf 90' lang='lat' dir='ltr'>polluit</span> <span class='ocrx_word' id='word_1_35' title='bbox 915 623 1036 670; x_wconf 85' lang='lat' dir='ltr'>hominem.</span> <span class='ocrx_word' id='word_1_36' title='bbox 1079 678 1082 682; x_wconf 91' lang='lat'>.</span> 
     </span>
     <span class='ocr_line' id='line_1_5' title="bbox 221 682 1178 749; baseline 0.002 -19"><span class='ocrx_word' id='word_1_37' title='bbox 221 698 258 738; x_wconf 85' lang='lat' dir='ltr'>nu,</span> <span class='ocrx_word' id='word_1_38' title='bbox 270 683 414 745; x_wconf 70' lang='lat' dir='ltr'>apprehendit</span> <span class='ocrx_word' id='word_1_39' title='bbox 424 699 483 736; x_wconf 90' lang='lat' dir='ltr'>eum,</span> <span class='ocrx_word' id='word_1_40' title='bbox 493 683 588 743; x_wconf 79' lang='lat' dir='ltr'>dicitque</span> <span class='ocrx_word' id='word_1_41' title='bbox 596 684 623 738; x_wconf 89' lang='lat' dir='ltr'>ei,</span> <span class='ocrx_word' id='word_1_42' title='bbox 634 683 684 730; x_wconf 84' lang='lat' dir='ltr'>Ex·</span> <span class='ocrx_word' id='word_1_43' title='bbox 752 687 782 730; x_wconf 76' lang='lat'>12</span> <span class='ocrx_word' id='word_1_44' title='bbox 798 683 864 731; x_wconf 88' lang='lat' dir='ltr'>Tune</span> <span class='ocrx_word' id='word_1_45' title='bbox 875 686 1005 733; x_wconf 80' lang='lat' dir='ltr'>aecedentes</span> <span class='ocrx_word' id='word_1_46' title='bbox 1019 682 1118 748; x_wconf 76' lang='lat' dir='ltr'>discipuli</span> <span class='ocrx_word' id='word_1_47' title='bbox 1134 692 1178 749; x_wconf 72' lang='lat' dir='ltr'>eJ&#39;ur</span> 
     </span>
     <span class='ocr_line' id='line_1_6' title="bbox 221 744 1178 808; baseline 0.004 -14"><span class='ocrx_word' id='word_1_48' title='bbox 221 745 274 808; x_wconf 73' lang='lat' dir='ltr'>tguri</span> <span class='ocrx_word' id='word_1_49' title='bbox 282 747 326 794; x_wconf 84' lang='lat' dir='ltr'>tide</span> <span class='ocrx_word' id='word_1_50' title='bbox 337 747 441 807; x_wconf 84' lang='lat' dir='ltr'>praedite,</span> <span class='ocrx_word' id='word_1_51' title='bbox 453 747 505 808; x_wconf 88' lang='lat' dir='ltr'>qnid</span> <span class='ocrx_word' id='word_1_52' title='bbox 516 744 639 794; x_wconf 73' lang='lat' dir='ltr'>dubitasti?</span> <span class='ocrx_word' id='word_1_53' title='bbox 717 747 821 794; x_wconf 80' lang='lat' dir='ltr'>dixerunt</span> <span class='ocrx_word' id='word_1_54' title='bbox 835 749 863 803; x_wconf 81' lang='lat' dir='ltr'>ei,</span> <span class='ocrx_word' id='word_1_55' title='bbox 876 747 943 795; x_wconf 80' lang='lat' dir='ltr'>Ndsti</span> <span class='ocrx_word' id='word_1_56' title='bbox 962 750 1093 798; x_wconf 79' lang='lat' dir='ltr'>Pharisaeos</span> <span class='ocrx_word' id='word_1_57' title='bbox 1106 753 1178 798; x_wconf 83' lang='lat' dir='ltr'>audito</span> 
     </span>
     <span class='ocr_line' id='line_1_7' title="bbox 252 811 1094 874; baseline 0.002 -17"><span class='ocrx_word' id='word_1_58' title='bbox 252 815 284 858; x_wconf 76' lang='lat'>32</span> <span class='ocrx_word' id='word_1_59' title='bbox 302 811 335 857; x_wconf 84' lang='lat' dir='ltr'>Et</span> <span class='ocrx_word' id='word_1_60' title='bbox 352 826 421 871; x_wconf 87' lang='lat' dir='ltr'>quum</span> <span class='ocrx_word' id='word_1_61' title='bbox 440 811 481 872; x_wconf 88' lang='lat' dir='ltr'>ipsi</span> <span class='ocrx_word' id='word_1_62' title='bbox 498 819 574 858; x_wconf 88' lang='lat' dir='ltr'>essent</span> <span class='ocrx_word' id='word_1_63' title='bbox 589 812 684 874; x_wconf 80' lang='lat' dir='ltr'>ingressi</span> <span class='ocrx_word' id='word_1_64' title='bbox 718 811 761 858; x_wconf 90' lang='lat' dir='ltr'>isto</span> <span class='ocrx_word' id='word_1_65' title='bbox 772 827 875 859; x_wconf 82' lang='lat' dir='ltr'>sermone</span> <span class='ocrx_word' id='word_1_66' title='bbox 886 814 982 860; x_wconf 83' lang='lat' dir='ltr'>offensos</span> <span class='ocrx_word' id='word_1_67' title='bbox 993 815 1094 862; x_wconf 73' lang='lat' dir='ltr'>suisset.</span> 
     </span>
     <span class='ocr_line' id='line_1_8' title="bbox 221 875 1180 940; baseline 0.003 -18"><span class='ocrx_word' id='word_1_68' title='bbox 221 876 342 937; x_wconf 84' lang='lat' dir='ltr'>navigium,</span> <span class='ocrx_word' id='word_1_69' title='bbox 354 882 444 937; x_wconf 90' lang='lat' dir='ltr'>pacatus</span> <span class='ocrx_word' id='word_1_70' title='bbox 455 875 497 921; x_wconf 85' lang='lat' dir='ltr'>fuit</span> <span class='ocrx_word' id='word_1_71' title='bbox 508 883 596 922; x_wconf 89' lang='lat' dir='ltr'>ventus.</span> <span class='ocrx_word' id='word_1_72' title='bbox 752 879 781 921; x_wconf 77' lang='lat'>13</span> <span class='ocrx_word' id='word_1_73' title='bbox 810 875 861 937; x_wconf 85' lang='lat' dir='ltr'>lpse</span> <span class='ocrx_word' id='word_1_74' title='bbox 883 875 936 924; x_wconf 85' lang='lat' dir='ltr'>verri</span> <span class='ocrx_word' id='word_1_75' title='bbox 962 879 1105 940; x_wconf 81' lang='lat' dir='ltr'>respondens.</span> <span class='ocrx_word' id='word_1_76' title='bbox 1119 880 1180 930; x_wconf 71' lang='lat' dir='ltr'>dtur,</span> 
     </span>
     <span class='ocr_line' id='line_1_9' title="bbox 252 939 1168 1004; baseline 0.004 -19"><span class='ocrx_word' id='word_1_77' title='bbox 252 944 285 985; x_wconf 78' lang='lat'>³3</span> <span class='ocrx_word' id='word_1_78' title='bbox 302 939 349 994; x_wconf 84' lang='lat' dir='ltr'>Qui</span> <span class='ocrx_word' id='word_1_79' title='bbox 360 947 434 985; x_wconf 88' lang='lat' dir='ltr'>autem</span> <span class='ocrx_word' id='word_1_80' title='bbox 441 947 504 985; x_wconf 87' lang='lat' dir='ltr'>erant</span> <span class='ocrx_word' id='word_1_81' title='bbox 512 939 535 985; x_wconf 93' lang='lat' dir='ltr'>in</span> <span class='ocrx_word' id='word_1_82' title='bbox 547 939 637 1001; x_wconf 84' lang='lat' dir='ltr'>navigio</span> <span class='ocrx_word' id='word_1_83' title='bbox 644 955 683 986; x_wconf 87' lang='lat' dir='ltr'>ve·</span> <span class='ocrx_word' id='word_1_84' title='bbox 718 939 798 986; x_wconf 87' lang='lat' dir='ltr'>Omnis</span> <span class='ocrx_word' id='word_1_85' title='bbox 809 940 884 1001; x_wconf 87' lang='lat' dir='ltr'>planta</span> <span class='ocrx_word' id='word_1_86' title='bbox 892 945 957 1002; x_wconf 80' lang='lat' dir='ltr'>quant</span> <span class='ocrx_word' id='word_1_87' title='bbox 967 958 1012 989; x_wconf 91' lang='lat' dir='ltr'>non</span> <span class='ocrx_word' id='word_1_88' title='bbox 1020 943 1128 1004; x_wconf 77' lang='lat' dir='ltr'>plantavit</span> <span class='ocrx_word' id='word_1_89' title='bbox 1137 943 1168 989; x_wconf 83' lang='lat' dir='ltr'>l‘a</span> 
     </span>
     <span class='ocr_line' id='line_1_10' title="bbox 222 1003 1151 1060; baseline 0.001 -8"><span class='ocrx_word' id='word_1_90' title='bbox 222 1003 307 1052; x_wconf 80' lang='lat' dir='ltr'>ttlerrtes</span> <span class='ocrx_word' id='word_1_91' title='bbox 328 1003 477 1050; x_wconf 86' lang='lat' dir='ltr'>adoraverunt</span> <span class='ocrx_word' id='word_1_92' title='bbox 498 1019 556 1058; x_wconf 90' lang='lat' dir='ltr'>eum,</span> <span class='ocrx_word' id='word_1_93' title='bbox 579 1004 684 1060; x_wconf 86' lang='lat' dir='ltr'>dicentes,</span> <span class='ocrx_word' id='word_1_94' title='bbox 717 1011 751 1050; x_wconf 90' lang='lat' dir='ltr'>ter</span> <span class='ocrx_word' id='word_1_95' title='bbox 762 1003 798 1049; x_wconf 91' lang='lat' dir='ltr'>ille</span> <span class='ocrx_word' id='word_1_96' title='bbox 809 1020 871 1050; x_wconf 87' lang='lat' dir='ltr'>meus</span> <span class='ocrx_word' id='word_1_97' title='bbox 882 1005 990 1060; x_wconf 85' lang='lat' dir='ltr'>coelestis,</span> <span class='ocrx_word' id='word_1_98' title='bbox 1002 1008 1151 1054; x_wconf 82' lang='lat' dir='ltr'>eradicabitur.</span> 
     </span>
     <span class='ocr_line' id='line_1_11' title="bbox 218 1064 1180 1126; baseline 0 -12"><span class='ocrx_word' id='word_1_99' title='bbox 218 1064 283 1115; x_wconf 73' lang='lat' dir='ltr'>vert</span> <span class='ocrx_word' id='word_1_100' title='bbox 296 1067 341 1114; x_wconf 89' lang='lat' dir='ltr'>Dei</span> <span class='ocrx_word' id='word_1_101' title='bbox 355 1067 425 1114; x_wconf 89' lang='lat' dir='ltr'>Filius</span> <span class='ocrx_word' id='word_1_102' title='bbox 436 1082 467 1114; x_wconf 90' lang='lat' dir='ltr'>es.</span> <span class='ocrx_word' id='word_1_103' title='bbox 752 1071 781 1113; x_wconf 85' lang='grc'>14</span> <span class='ocrx_word' id='word_1_104' title='bbox 799 1067 902 1114; x_wconf 87' lang='lat' dir='ltr'>Onrittite</span> <span class='ocrx_word' id='word_1_105' title='bbox 913 1070 975 1126; x_wconf 89' lang='lat' dir='ltr'>ill0s;</span> <span class='ocrx_word' id='word_1_106' title='bbox 993 1071 1060 1116; x_wconf 84' lang='lat' dir='ltr'>duces</span> <span class='ocrx_word' id='word_1_107' title='bbox 1067 1081 1119 1117; x_wconf 86' lang='lat' dir='ltr'>suat</span> <span class='ocrx_word' id='word_1_108' title='bbox 1130 1087 1180 1118; x_wconf 65' lang='lat' dir='ltr'>ce„-</span> 
     </span>
     <span class='ocr_line' id='line_1_12' title="bbox 253 1131 1180 1196; baseline 0.003 -18"><span class='ocrx_word' id='word_1_109' title='bbox 253 1136 285 1178; x_wconf 72' lang='lat'>³4</span> <span class='ocrx_word' id='word_1_110' title='bbox 302 1136 318 1193; x_wconf 66' lang='grc'>1</span> <span class='ocrx_word' id='word_1_111' title='bbox 330 1133 362 1178; x_wconf 87' lang='lat' dir='ltr'>Et</span> <span class='ocrx_word' id='word_1_112' title='bbox 374 1147 443 1194; x_wconf 90' lang='lat' dir='ltr'>quum</span> <span class='ocrx_word' id='word_1_113' title='bbox 459 1132 603 1196; x_wconf 83' lang='lat' dir='ltr'>trajecissent,</span> <span class='ocrx_word' id='word_1_114' title='bbox 616 1148 683 1180; x_wconf 90' lang='lat' dir='ltr'>vene·</span> <span class='ocrx_word' id='word_1_115' title='bbox 717 1132 879 1178; x_wconf 76' lang='lat' dir='ltr'>cicaeeorumr</span> <span class='ocrx_word' id='word_1_116' title='bbox 899 1131 958 1193; x_wconf 86' lang='lat' dir='ltr'>qudd</span> <span class='ocrx_word' id='word_1_117' title='bbox 973 1134 991 1179; x_wconf 85' lang='lat' dir='ltr'>si</span> <span class='ocrx_word' id='word_1_118' title='bbox 1002 1150 1080 1180; x_wconf 88' lang='lat' dir='ltr'>caecus</span> <span class='ocrx_word' id='word_1_119' title='bbox 1091 1150 1180 1182; x_wconf 75' lang='lat' dir='ltr'>caecurr</span> 
     </span>
     <span class='ocr_line' id='line_1_13' title="bbox 221 1197 1180 1258; baseline 0.004 -16"><span class='ocrx_word' id='word_1_120' title='bbox 221 1206 273 1244; x_wconf 81' lang='lat' dir='ltr'>tunt</span> <span class='ocrx_word' id='word_1_121' title='bbox 283 1197 306 1242; x_wconf 90' lang='lat' dir='ltr'>in</span> <span class='ocrx_word' id='word_1_122' title='bbox 319 1205 400 1242; x_wconf 85' lang='lat' dir='ltr'>terram</span> <span class='ocrx_word' id='word_1_123' title='bbox 414 1197 561 1244; x_wconf 86' lang='lat' dir='ltr'>Gennesaret.</span> <span class='ocrx_word' id='word_1_124' title='bbox 717 1197 825 1258; x_wconf 85' lang='lat' dir='ltr'>perviam</span> <span class='ocrx_word' id='word_1_125' title='bbox 837 1197 930 1253; x_wconf 74' lang='lat' dir='ltr'>drmerit,</span> <span class='ocrx_word' id='word_1_126' title='bbox 942 1199 1005 1245; x_wconf 87' lang='lat' dir='ltr'>ambo</span> <span class='ocrx_word' id='word_1_127' title='bbox 1013 1199 1035 1244; x_wconf 89' lang='lat' dir='ltr'>in</span> <span class='ocrx_word' id='word_1_128' title='bbox 1046 1199 1133 1246; x_wconf 88' lang='lat' dir='ltr'>foveam</span> <span class='ocrx_word' id='word_1_129' title='bbox 1144 1216 1180 1246; x_wconf 59' lang='grc' dir='ltr'>σοι</span> 
     </span>
     <span class='ocr_line' id='line_1_14' title="bbox 252 1260 778 1321; baseline 0 -15"><span class='ocrx_word' id='word_1_130' title='bbox 252 1264 284 1307; x_wconf 66' lang='grc' dir='ltr'>δ’,</span> <span class='ocrx_word' id='word_1_131' title='bbox 303 1261 334 1306; x_wconf 87' lang='lat' dir='ltr'>Et</span> <span class='ocrx_word' id='word_1_132' title='bbox 345 1277 413 1321; x_wconf 90' lang='lat' dir='ltr'>quum</span> <span class='ocrx_word' id='word_1_133' title='bbox 425 1261 571 1320; x_wconf 82' lang='lat' dir='ltr'>agnovissent</span> <span class='ocrx_word' id='word_1_134' title='bbox 580 1275 632 1306; x_wconf 89' lang='lat' dir='ltr'>eum</span> <span class='ocrx_word' id='word_1_135' title='bbox 643 1260 685 1306; x_wconf 90' lang='lat' dir='ltr'>viri</span> <span class='ocrx_word' id='word_1_136' title='bbox 718 1260 778 1306; x_wconf 87' lang='lat' dir='ltr'>dent.</span> 
     </span>
     <span class='ocr_line' id='line_1_15' title="bbox 220 1323 1180 1386; baseline 0.003 -16"><span class='ocrx_word' id='word_1_137' title='bbox 220 1324 263 1370; x_wconf 81' lang='lat' dir='ltr'>lrei</span> <span class='ocrx_word' id='word_1_138' title='bbox 274 1325 339 1378; x_wconf 75' lang='lat' dir='ltr'>tilius,</span> <span class='ocrx_word' id='word_1_139' title='bbox 352 1325 459 1370; x_wconf 89' lang='lat' dir='ltr'>miserunt</span> <span class='ocrx_word' id='word_1_140' title='bbox 471 1324 494 1370; x_wconf 93' lang='lat' dir='ltr'>in</span> <span class='ocrx_word' id='word_1_141' title='bbox 508 1331 577 1370; x_wconf 85' lang='lat' dir='ltr'>totam</span> <span class='ocrx_word' id='word_1_142' title='bbox 589 1325 684 1370; x_wconf 87' lang='lat' dir='ltr'>circum·</span> <span class='ocrx_word' id='word_1_143' title='bbox 752 1327 781 1371; x_wconf 88' lang='lat'>15</span> <span class='ocrx_word' id='word_1_144' title='bbox 799 1323 947 1386; x_wconf 84' lang='lat' dir='ltr'>Respondens</span> <span class='ocrx_word' id='word_1_145' title='bbox 955 1333 1029 1373; x_wconf 90' lang='lat' dir='ltr'>autem</span> <span class='ocrx_word' id='word_1_146' title='bbox 1039 1326 1120 1374; x_wconf 84' lang='lat' dir='ltr'>Petrus</span> <span class='ocrx_word' id='word_1_147' title='bbox 1127 1328 1180 1373; x_wconf 79' lang='lat' dir='ltr'>dixit</span> 
     </span>
     <span class='ocr_line' id='line_1_16' title="bbox 221 1387 1171 1453; baseline 0 -19"><span class='ocrx_word' id='word_1_148' title='bbox 221 1397 329 1434; x_wconf 79' lang='lat' dir='ltr'>urentem</span> <span class='ocrx_word' id='word_1_149' title='bbox 342 1388 402 1434; x_wconf 86' lang='lat' dir='ltr'>iham</span> <span class='ocrx_word' id='word_1_150' title='bbox 422 1388 543 1448; x_wconf 82' lang='lat' dir='ltr'>regionem,</span> <span class='ocrx_word' id='word_1_151' title='bbox 561 1395 584 1434; x_wconf 91' lang='lat' dir='ltr'>et</span> <span class='ocrx_word' id='word_1_152' title='bbox 597 1388 683 1434; x_wconf 87' lang='lat' dir='ltr'>obtule·</span> <span class='ocrx_word' id='word_1_153' title='bbox 717 1387 753 1434; x_wconf 87' lang='lat' dir='ltr'>ei:</span> <span class='ocrx_word' id='word_1_154' title='bbox 774 1387 879 1435; x_wconf 84' lang='lat' dir='ltr'>Edissere</span> <span class='ocrx_word' id='word_1_155' title='bbox 890 1391 953 1437; x_wconf 87' lang='lat' dir='ltr'>nobis</span> <span class='ocrx_word' id='word_1_156' title='bbox 964 1391 1089 1453; x_wconf 88' lang='lat' dir='ltr'>parabolam</span> <span class='ocrx_word' id='word_1_157' title='bbox 1101 1392 1171 1437; x_wconf 84' lang='lat' dir='ltr'>istam.</span> 
     </span>
     <span class='ocr_line' id='line_1_17' title="bbox 221 1449 1179 1510; baseline 0.001 -9"><span class='ocrx_word' id='word_1_158' title='bbox 221 1459 273 1502; x_wconf 86' lang='lat' dir='ltr'>runt</span> <span class='ocrx_word' id='word_1_159' title='bbox 284 1453 303 1498; x_wconf 90' lang='lat' dir='ltr'>ei</span> <span class='ocrx_word' id='word_1_160' title='bbox 315 1467 393 1498; x_wconf 89' lang='lat' dir='ltr'>omnes</span> <span class='ocrx_word' id='word_1_161' title='bbox 404 1449 462 1498; x_wconf 72' lang='lat' dir='ltr'>male</span> <span class='ocrx_word' id='word_1_162' title='bbox 473 1451 580 1498; x_wconf 68' lang='lat' dir='ltr'>effectore</span> <span class='ocrx_word' id='word_1_163' title='bbox 729 1481 731 1488; x_wconf 31' lang='grc' dir='ltr'>κ</span> <span class='ocrx_word' id='word_1_164' title='bbox 751 1455 781 1498; x_wconf 88' lang='lat'>16</span> <span class='ocrx_word' id='word_1_165' title='bbox 797 1451 864 1500; x_wconf 84' lang='lat' dir='ltr'>Jesus</span> <span class='ocrx_word' id='word_1_166' title='bbox 882 1461 956 1500; x_wconf 88' lang='lat' dir='ltr'>autem</span> <span class='ocrx_word' id='word_1_167' title='bbox 978 1455 1039 1510; x_wconf 85' lang='lat' dir='ltr'>dixit,</span> <span class='ocrx_word' id='word_1_168' title='bbox 1053 1456 1139 1502; x_wconf 72' lang='lat' dir='ltr'>&#39;Adhuc</span> <span class='ocrx_word' id='word_1_169' title='bbox 1159 1468 1179 1502; x_wconf 89' lang='lat' dir='ltr'>ct</span> 
     </span>
     <span class='ocr_line' id='line_1_18' title="bbox 231 1513 1021 1578; baseline 0.003 -16"><span class='ocrx_word' id='word_1_170' title='bbox 231 1515 233 1520; x_wconf 77' lang='grc'><em>’</em></span> <span class='ocrx_word' id='word_1_171' title='bbox 251 1520 284 1562; x_wconf 74' lang='lat'>36</span> <span class='ocrx_word' id='word_1_172' title='bbox 301 1516 334 1563; x_wconf 84' lang='lat' dir='ltr'>Et</span> <span class='ocrx_word' id='word_1_173' title='bbox 344 1516 489 1577; x_wconf 83' lang='lat' dir='ltr'>precabantur</span> <span class='ocrx_word' id='word_1_174' title='bbox 503 1531 561 1570; x_wconf 90' lang='lat' dir='ltr'>eum,</span> <span class='ocrx_word' id='word_1_175' title='bbox 573 1522 598 1562; x_wconf 89' lang='lat' dir='ltr'>ut</span> <span class='ocrx_word' id='word_1_176' title='bbox 612 1513 684 1562; x_wconf 83' lang='lat' dir='ltr'>solhm</span> <span class='ocrx_word' id='word_1_177' title='bbox 716 1531 758 1563; x_wconf 86' lang='lat' dir='ltr'>vos</span> <span class='ocrx_word' id='word_1_178' title='bbox 768 1516 913 1578; x_wconf 72' lang='lat' dir='ltr'>intelligentia</span> <span class='ocrx_word' id='word_1_179' title='bbox 924 1519 1021 1566; x_wconf 83' lang='lat' dir='ltr'>caretis?</span> 
     </span>
     <span class='ocr_line' id='line_1_19' title="bbox 183 1579 1180 1645; baseline 0.005 -18"><span class='ocrx_word' id='word_1_180' title='bbox 183 1638 185 1642; x_wconf 22' lang='grc' dir='ltr'>Ι</span> <span class='ocrx_word' id='word_1_181' title='bbox 220 1587 339 1642; x_wconf 79' lang='lat' dir='ltr'>tangerent</span> <span class='ocrx_word' id='word_1_182' title='bbox 357 1579 465 1626; x_wconf 88' lang='lat' dir='ltr'>fimbriam</span> <span class='ocrx_word' id='word_1_183' title='bbox 482 1579 541 1640; x_wconf 84' lang='lat' dir='ltr'>pallii</span> <span class='ocrx_word' id='word_1_184' title='bbox 556 1580 639 1642; x_wconf 86' lang='lat' dir='ltr'>ipsius:</span> <span class='ocrx_word' id='word_1_185' title='bbox 661 1588 684 1627; x_wconf 91' lang='lat' dir='ltr'>et</span> <span class='ocrx_word' id='word_1_186' title='bbox 751 1583 780 1628; x_wconf 85' lang='lat'>17</span> <span class='ocrx_word' id='word_1_187' title='bbox 798 1581 906 1628; x_wconf 87' lang='lat' dir='ltr'>Nondum</span> <span class='ocrx_word' id='word_1_188' title='bbox 927 1583 1056 1645; x_wconf 78' lang='lat' dir='ltr'>intelligitis,</span> <span class='ocrx_word' id='word_1_189' title='bbox 1078 1584 1180 1644; x_wconf 89' lang='lat' dir='ltr'>quicquid</span> 
     </span>
     <span class='ocr_line' id='line_1_20' title="bbox 220 1643 1180 1706; baseline 0.004 -16"><span class='ocrx_word' id='word_1_190' title='bbox 220 1651 329 1706; x_wconf 81' lang='lat' dir='ltr'>quotquot</span> <span class='ocrx_word' id='word_1_191' title='bbox 340 1644 468 1706; x_wconf 85' lang='lat' dir='ltr'>tetigerunt,</span> <span class='ocrx_word' id='word_1_192' title='bbox 480 1644 564 1692; x_wconf 88' lang='lat' dir='ltr'>liberati</span> <span class='ocrx_word' id='word_1_193' title='bbox 576 1651 635 1691; x_wconf 82' lang='lat' dir='ltr'>sunt.</span> <span class='ocrx_word' id='word_1_194' title='bbox 715 1643 839 1706; x_wconf 84' lang='lat' dir='ltr'>ingreditur</span> <span class='ocrx_word' id='word_1_195' title='bbox 855 1646 879 1691; x_wconf 90' lang='lat' dir='ltr'>in</span> <span class='ocrx_word' id='word_1_196' title='bbox 896 1662 928 1701; x_wconf 83' lang='lat' dir='ltr'>os,</span> <span class='ocrx_word' id='word_1_197' title='bbox 945 1647 967 1693; x_wconf 93' lang='lat' dir='ltr'>in</span> <span class='ocrx_word' id='word_1_198' title='bbox 981 1651 1082 1694; x_wconf 80' lang='lat' dir='ltr'>ventrem</span> <span class='ocrx_word' id='word_1_199' title='bbox 1095 1648 1180 1703; x_wconf 84' lang='lat' dir='ltr'>cadere,</span> 
     </span>
     <span class='ocr_line' id='line_1_21' title="bbox 717 1709 962 1772; baseline 0 -16"><span class='ocrx_word' id='word_1_200' title='bbox 717 1719 740 1756; x_wconf 85' lang='lat' dir='ltr'>et</span> <span class='ocrx_word' id='word_1_201' title='bbox 751 1709 774 1756; x_wconf 89' lang='lat' dir='ltr'>in</span> <span class='ocrx_word' id='word_1_202' title='bbox 784 1709 886 1758; x_wconf 88' lang='lat' dir='ltr'>latrinam</span> <span class='ocrx_word' id='word_1_203' title='bbox 894 1711 962 1772; x_wconf 83' lang='lat' dir='ltr'>ejici?</span> 
     </span>
     <span class='ocr_line' id='line_1_22' title="bbox 370 1770 1222 1837; baseline 0.001 -16"><span class='ocrx_word' id='word_1_204' title='bbox 370 1770 444 1822; x_wconf 83' lang='lat' dir='ltr'><strong>cAP.</strong></span> <span class='ocrx_word' id='word_1_205' title='bbox 468 1773 525 1820; x_wconf 88' lang='lat' dir='ltr'>XV.</span> <span class='ocrx_word' id='word_1_206' title='bbox 623 1797 625 1800; x_wconf 93' lang='lat'>·</span> <span class='ocrx_word' id='word_1_207' title='bbox 752 1777 781 1818; x_wconf 87' lang='grc'>18</span> <span class='ocrx_word' id='word_1_208' title='bbox 799 1774 864 1828; x_wconf 80' lang='lat' dir='ltr'>Quae</span> <span class='ocrx_word' id='word_1_209' title='bbox 879 1783 953 1822; x_wconf 86' lang='lat' dir='ltr'>autem</span> <span class='ocrx_word' id='word_1_210' title='bbox 969 1774 1138 1837; x_wconf 85' lang='lat' dir='ltr'>proficiscuntur</span> <span class='ocrx_word' id='word_1_211' title='bbox 1152 1791 1180 1822; x_wconf 82' lang='lat' dir='ltr'>ex</span> <span class='ocrx_word' id='word_1_212' title='bbox 1219 1795 1222 1802; x_wconf 60' lang='lat'><strong>⁴</strong></span> 
     </span>
     <span class='ocr_line' id='line_1_23' title="bbox 220 1835 1180 1956; baseline 0.004 -72"><span class='ocrx_word' id='word_1_213' title='bbox 220 1835 354 1956; x_wconf 74' lang='lat' dir='ltr'><strong>TUNC</strong></span> <span class='ocrx_word' id='word_1_214' title='bbox 365 1838 453 1899; x_wconf 85' lang='lat' dir='ltr'>quidam</span> <span class='ocrx_word' id='word_1_215' title='bbox 465 1840 507 1899; x_wconf 81' lang='lat' dir='ltr'>qni</span> <span class='ocrx_word' id='word_1_216' title='bbox 518 1837 685 1898; x_wconf 88' lang='lat' dir='ltr'>Hierosolymis</span> <span class='ocrx_word' id='word_1_217' title='bbox 718 1853 762 1892; x_wconf 86' lang='lat' dir='ltr'>ore,</span> <span class='ocrx_word' id='word_1_218' title='bbox 774 1853 803 1884; x_wconf 85' lang='lat' dir='ltr'>ex</span> <span class='ocrx_word' id='word_1_219' title='bbox 811 1839 859 1900; x_wconf 89' lang='lat' dir='ltr'>ipso</span> <span class='ocrx_word' id='word_1_220' title='bbox 866 1840 933 1886; x_wconf 89' lang='lat' dir='ltr'>corde</span> <span class='ocrx_word' id='word_1_221' title='bbox 940 1841 1083 1902; x_wconf 81' lang='lat' dir='ltr'>egrediuntur</span> <span class='ocrx_word' id='word_1_222' title='bbox 1090 1857 1098 1896; x_wconf 71' lang='grc' dir='ltr'>ς</span> <span class='ocrx_word' id='word_1_223' title='bbox 1115 1841 1180 1890; x_wconf 73' lang='lat' dir='ltr'>erute</span> 
     </span>
     <span class='ocr_line' id='line_1_24' title="bbox 295 1902 959 1964; baseline 0.003 -16"><span class='ocrx_word' id='word_1_224' title='bbox 295 1904 435 1950; x_wconf 76' lang='lat' dir='ltr'>ademerant</span> <span class='ocrx_word' id='word_1_225' title='bbox 447 1903 530 1949; x_wconf 88' lang='lat' dir='ltr'>scribae</span> <span class='ocrx_word' id='word_1_226' title='bbox 538 1910 561 1950; x_wconf 90' lang='lat' dir='ltr'>et</span> <span class='ocrx_word' id='word_1_227' title='bbox 571 1902 683 1950; x_wconf 85' lang='lat' dir='ltr'>Pharisaei</span> <span class='ocrx_word' id='word_1_228' title='bbox 716 1902 818 1964; x_wconf 87' lang='lat' dir='ltr'>polluunt</span> <span class='ocrx_word' id='word_1_229' title='bbox 828 1903 940 1950; x_wconf 90' lang='lat' dir='ltr'>hominem</span> <span class='ocrx_word' id='word_1_230' title='bbox 952 1921 959 1950; x_wconf 77' lang='lat' dir='ltr'>r</span> 
     </span>
     <span class='ocr_line' id='line_1_25' title="bbox 220 1965 1178 2028; baseline 0.002 -16"><span class='ocrx_word' id='word_1_231' title='bbox 220 1967 321 2013; x_wconf 84' lang='lat' dir='ltr'>adierunt</span> <span class='ocrx_word' id='word_1_232' title='bbox 332 1965 418 2021; x_wconf 80' lang='lat' dir='ltr'>Jesum,</span> <span class='ocrx_word' id='word_1_233' title='bbox 430 1967 536 2020; x_wconf 82' lang='lat' dir='ltr'>dicentes,</span> <span class='ocrx_word' id='word_1_234' title='bbox 751 1970 780 2014; x_wconf 89' lang='lat'>19</span> <span class='ocrx_word' id='word_1_235' title='bbox 797 1966 858 2012; x_wconf 79' lang='lat' dir='ltr'>Nam</span> <span class='ocrx_word' id='word_1_236' title='bbox 869 1981 898 2012; x_wconf 84' lang='lat' dir='ltr'>ex</span> <span class='ocrx_word' id='word_1_237' title='bbox 909 1967 975 2013; x_wconf 91' lang='lat' dir='ltr'>corde</span> <span class='ocrx_word' id='word_1_238' title='bbox 986 1968 1131 2028; x_wconf 80' lang='lat' dir='ltr'>egrediuntur</span> <span class='ocrx_word' id='word_1_239' title='bbox 1140 1984 1178 2014; x_wconf 86' lang='lat' dir='ltr'>co·</span> 
     </span>
    </p>
   </div>
   <div class='ocr_carea' id='block_1_3' title="bbox 252 2029 1271 2092">
    <p class='ocr_par' dir='ltr' id='par_1_3' title="bbox 252 2029 1271 2092">
     <span class='ocr_line' id='line_1_26' title="bbox 252 2029 1271 2092; baseline 0.004 -18"><span class='ocrx_word' id='word_1_240' title='bbox 252 2030 363 2084; x_wconf 78' lang='lat' dir='ltr'>2Quare</span> <span class='ocrx_word' id='word_1_241' title='bbox 378 2030 476 2091; x_wconf 89' lang='lat' dir='ltr'>discipuli</span> <span class='ocrx_word' id='word_1_242' title='bbox 496 2031 528 2076; x_wconf 90' lang='lat' dir='ltr'>tui</span> <span class='ocrx_word' id='word_1_243' title='bbox 546 2031 682 2092; x_wconf 86' lang='lat' dir='ltr'>transgredi·</span> <span class='ocrx_word' id='word_1_244' title='bbox 715 2029 834 2090; x_wconf 86' lang='lat' dir='ltr'>gitationes</span> <span class='ocrx_word' id='word_1_245' title='bbox 856 2031 932 2084; x_wconf 86' lang='lat' dir='ltr'>mulae,</span> <span class='ocrx_word' id='word_1_246' title='bbox 960 2033 1044 2085; x_wconf 84' lang='lat' dir='ltr'>caedes,</span> <span class='ocrx_word' id='word_1_247' title='bbox 1066 2033 1179 2088; x_wconf 80' lang='lat' dir='ltr'>adulteria,</span> <span class='ocrx_word' id='word_1_248' title='bbox 1267 2077 1271 2084; x_wconf 85' lang='grc'>,</span> 
     </span>
    </p>
   </div>
   <div class='ocr_carea' id='block_1_4' title="bbox 217 2093 1231 3502">
    <p class='ocr_par' dir='ltr' id='par_1_4' title="bbox 217 2093 1231 3502">
     <span class='ocr_line' id='line_1_27' title="bbox 220 2093 1180 2151; baseline 0.001 -11"><span class='ocrx_word' id='word_1_249' title='bbox 220 2101 288 2140; x_wconf 89' lang='lat' dir='ltr'>untur</span> <span class='ocrx_word' id='word_1_250' title='bbox 311 2094 451 2140; x_wconf 86' lang='lat' dir='ltr'>traditionem</span> <span class='ocrx_word' id='word_1_251' title='bbox 475 2093 608 2142; x_wconf 79' lang='lat' dir='ltr'>seniorum?</span> <span class='ocrx_word' id='word_1_252' title='bbox 637 2110 683 2140; x_wconf 91' lang='lat' dir='ltr'>non</span> <span class='ocrx_word' id='word_1_253' title='bbox 716 2094 867 2149; x_wconf 85' lang='lat' dir='ltr'>scortationes,</span> <span class='ocrx_word' id='word_1_254' title='bbox 886 2094 951 2147; x_wconf 79' lang='lat' dir='ltr'>furta,</span> <span class='ocrx_word' id='word_1_255' title='bbox 971 2095 1027 2142; x_wconf 84' lang='lat' dir='ltr'>falsa</span> <span class='ocrx_word' id='word_1_256' title='bbox 1048 2097 1180 2151; x_wconf 79' lang='lat' dir='ltr'>testimonia,</span> 
     </span>
     <span class='ocr_line' id='line_1_28' title="bbox 220 2157 846 2218; baseline 0.003 -15"><span class='ocrx_word' id='word_1_257' title='bbox 220 2157 279 2203; x_wconf 89' lang='lat' dir='ltr'>enim</span> <span class='ocrx_word' id='word_1_258' title='bbox 291 2157 365 2203; x_wconf 85' lang='lat' dir='ltr'>lavant</span> <span class='ocrx_word' id='word_1_259' title='bbox 383 2173 455 2204; x_wconf 86' lang='lat' dir='ltr'>nanus</span> <span class='ocrx_word' id='word_1_260' title='bbox 466 2173 524 2212; x_wconf 87' lang='lat' dir='ltr'>suas,</span> <span class='ocrx_word' id='word_1_261' title='bbox 535 2173 603 2218; x_wconf 86' lang='lat' dir='ltr'>quum</span> <span class='ocrx_word' id='word_1_262' title='bbox 615 2159 684 2204; x_wconf 89' lang='lat' dir='ltr'>edunt</span> <span class='ocrx_word' id='word_1_263' title='bbox 715 2157 846 2205; x_wconf 81' lang='lat' dir='ltr'>maledicta:</span> 
     </span>
     <span class='ocr_line' id='line_1_29' title="bbox 220 2221 1178 2286; baseline 0.002 -18"><span class='ocrx_word' id='word_1_264' title='bbox 220 2237 306 2285; x_wconf 79' lang='lat' dir='ltr'>panem.</span> <span class='ocrx_word' id='word_1_265' title='bbox 749 2226 780 2269; x_wconf 80' lang='lat'>20</span> <span class='ocrx_word' id='word_1_266' title='bbox 797 2221 863 2270; x_wconf 84' lang='lat' dir='ltr'>Haec</span> <span class='ocrx_word' id='word_1_267' title='bbox 874 2232 925 2270; x_wconf 85' lang='lat' dir='ltr'>sunt</span> <span class='ocrx_word' id='word_1_268' title='bbox 932 2240 988 2284; x_wconf 88' lang='lat' dir='ltr'>quae</span> <span class='ocrx_word' id='word_1_269' title='bbox 994 2224 1097 2286; x_wconf 85' lang='lat' dir='ltr'>polluunt</span> <span class='ocrx_word' id='word_1_270' title='bbox 1107 2224 1178 2270; x_wconf 89' lang='lat' dir='ltr'>horni-</span> 
     </span>
     <span class='ocr_line' id='line_1_30' title="bbox 251 2285 1179 2348; baseline 0.005 -17"><span class='ocrx_word' id='word_1_271' title='bbox 251 2289 268 2331; x_wconf 76' lang='grc'><strong>3</strong></span> <span class='ocrx_word' id='word_1_272' title='bbox 296 2285 329 2332; x_wconf 86' lang='grc' dir='ltr'>Α1</span> <span class='ocrx_word' id='word_1_273' title='bbox 350 2286 387 2332; x_wconf 88' lang='lat' dir='ltr'>ille</span> <span class='ocrx_word' id='word_1_274' title='bbox 409 2287 544 2348; x_wconf 79' lang='lat' dir='ltr'>respondens</span> <span class='ocrx_word' id='word_1_275' title='bbox 565 2287 622 2333; x_wconf 88' lang='lat' dir='ltr'>dixit</span> <span class='ocrx_word' id='word_1_276' title='bbox 643 2288 681 2343; x_wconf 91' lang='lat' dir='ltr'>eis,</span> <span class='ocrx_word' id='word_1_277' title='bbox 715 2299 781 2334; x_wconf 85' lang='lat' dir='ltr'>nem:</span> <span class='ocrx_word' id='word_1_278' title='bbox 801 2287 867 2334; x_wconf 85' lang='lat' dir='ltr'>illotis</span> <span class='ocrx_word' id='word_1_279' title='bbox 878 2296 952 2334; x_wconf 86' lang='lat' dir='ltr'>autern</span> <span class='ocrx_word' id='word_1_280' title='bbox 961 2290 1125 2336; x_wconf 82' lang='lat' dir='ltr'>manibusvesci</span> <span class='ocrx_word' id='word_1_281' title='bbox 1134 2304 1179 2336; x_wconf 91' lang='lat' dir='ltr'>non</span> 
     </span>
     <span class='ocr_line' id='line_1_31' title="bbox 217 2349 922 2414; baseline 0.004 -19"><span class='ocrx_word' id='word_1_282' title='bbox 217 2349 298 2404; x_wconf 73' lang='lat' dir='ltr'>Quare</span> <span class='ocrx_word' id='word_1_283' title='bbox 309 2359 332 2396; x_wconf 89' lang='lat' dir='ltr'>et</span> <span class='ocrx_word' id='word_1_284' title='bbox 343 2367 383 2396; x_wconf 90' lang='lat' dir='ltr'>vos</span> <span class='ocrx_word' id='word_1_285' title='bbox 394 2352 573 2413; x_wconf 83' lang='lat' dir='ltr'>transgredimini</span> <span class='ocrx_word' id='word_1_286' title='bbox 590 2353 681 2399; x_wconf 89' lang='lat' dir='ltr'>manda·</span> <span class='ocrx_word' id='word_1_287' title='bbox 714 2351 793 2414; x_wconf 85' lang='lat' dir='ltr'>polluit</span> <span class='ocrx_word' id='word_1_288' title='bbox 803 2352 922 2398; x_wconf 87' lang='lat' dir='ltr'>hominem.</span> 
     </span>
     <span class='ocr_line' id='line_1_32' title="bbox 220 2413 1178 2476; baseline 0.004 -16"><span class='ocrx_word' id='word_1_289' title='bbox 220 2425 266 2461; x_wconf 91' lang='lat' dir='ltr'>tum</span> <span class='ocrx_word' id='word_1_290' title='bbox 278 2413 323 2461; x_wconf 83' lang='lat' dir='ltr'>Dei</span> <span class='ocrx_word' id='word_1_291' title='bbox 335 2431 374 2476; x_wconf 91' lang='lat' dir='ltr'>per</span> <span class='ocrx_word' id='word_1_292' title='bbox 385 2415 524 2467; x_wconf 84' lang='lat' dir='ltr'>traditionem</span> <span class='ocrx_word' id='word_1_293' title='bbox 536 2416 651 2462; x_wconf 85' lang='lat' dir='ltr'>vestram?</span> <span class='ocrx_word' id='word_1_294' title='bbox 748 2419 776 2460; x_wconf 79' lang='lat'>21</span> <span class='ocrx_word' id='word_1_295' title='bbox 796 2415 854 2476; x_wconf 72' lang='lat' dir='ltr'>th</span> <span class='ocrx_word' id='word_1_296' title='bbox 864 2431 967 2476; x_wconf 83' lang='lat' dir='ltr'>egressus</span> <span class='ocrx_word' id='word_1_297' title='bbox 983 2417 1049 2469; x_wconf 88' lang='lat' dir='ltr'>illinc,</span> <span class='ocrx_word' id='word_1_298' title='bbox 1066 2416 1133 2464; x_wconf 87' lang='lat' dir='ltr'>Jesus</span> <span class='ocrx_word' id='word_1_299' title='bbox 1145 2433 1178 2464; x_wconf 80' lang='lat' dir='ltr'>se·</span> 
     </span>
     <span class='ocr_line' id='line_1_33' title="bbox 252 2478 1108 2540; baseline 0.002 -16"><span class='ocrx_word' id='word_1_300' title='bbox 252 2483 268 2524; x_wconf 78' lang='grc'><strong>4</strong></span> <span class='ocrx_word' id='word_1_301' title='bbox 288 2478 349 2526; x_wconf 88' lang='lat' dir='ltr'>Nam</span> <span class='ocrx_word' id='word_1_302' title='bbox 372 2479 438 2526; x_wconf 88' lang='lat' dir='ltr'>Deus</span> <span class='ocrx_word' id='word_1_303' title='bbox 459 2481 578 2533; x_wconf 80' lang='lat' dir='ltr'>mandavit,</span> <span class='ocrx_word' id='word_1_304' title='bbox 601 2480 683 2534; x_wconf 87' lang='lat' dir='ltr'>dicens,</span> <span class='ocrx_word' id='word_1_305' title='bbox 716 2480 782 2525; x_wconf 89' lang='lat' dir='ltr'>cessit</span> <span class='ocrx_word' id='word_1_306' title='bbox 792 2479 815 2524; x_wconf 92' lang='lat' dir='ltr'>in</span> <span class='ocrx_word' id='word_1_307' title='bbox 825 2487 899 2540; x_wconf 87' lang='lat' dir='ltr'>partes</span> <span class='ocrx_word' id='word_1_308' title='bbox 911 2479 966 2539; x_wconf 76' lang='lat' dir='ltr'>Tyri</span> <span class='ocrx_word' id='word_1_309' title='bbox 978 2488 1001 2524; x_wconf 89' lang='lat' dir='ltr'>et</span> <span class='ocrx_word' id='word_1_310' title='bbox 1013 2481 1108 2526; x_wconf 84' lang='lat' dir='ltr'>Sidonis.</span> 
     </span>
     <span class='ocr_line' id='line_1_34' title="bbox 221 2541 1180 2604; baseline 0.004 -16"><span class='ocrx_word' id='word_1_311' title='bbox 221 2542 318 2588; x_wconf 85' lang='lat' dir='ltr'>Honora</span> <span class='ocrx_word' id='word_1_312' title='bbox 328 2553 412 2604; x_wconf 90' lang='lat' dir='ltr'>patrem</span> <span class='ocrx_word' id='word_1_313' title='bbox 424 2551 487 2588; x_wconf 92' lang='lat' dir='ltr'>tuum</span> <span class='ocrx_word' id='word_1_314' title='bbox 498 2550 521 2589; x_wconf 90' lang='lat' dir='ltr'>et</span> <span class='ocrx_word' id='word_1_315' title='bbox 532 2547 625 2588; x_wconf 88' lang='lat' dir='ltr'>matrem</span> <span class='ocrx_word' id='word_1_316' title='bbox 635 2559 642 2598; x_wconf 87' lang='lat'>;</span> <span class='ocrx_word' id='word_1_317' title='bbox 654 2555 683 2596; x_wconf 91' lang='lat' dir='ltr'>et,</span> <span class='ocrx_word' id='word_1_318' title='bbox 749 2546 780 2586; x_wconf 79' lang='lat'>22</span> <span class='ocrx_word' id='word_1_319' title='bbox 797 2542 835 2595; x_wconf 85' lang='lat' dir='ltr'>Et,</span> <span class='ocrx_word' id='word_1_320' title='bbox 845 2557 903 2594; x_wconf 87' lang='lat' dir='ltr'>ecce,</span> <span class='ocrx_word' id='word_1_321' title='bbox 917 2542 996 2588; x_wconf 88' lang='lat' dir='ltr'>mulier</span> <span class='ocrx_word' id='word_1_322' title='bbox 1017 2541 1150 2591; x_wconf 86' lang='lat' dir='ltr'>Chananaea</span> <span class='ocrx_word' id='word_1_323' title='bbox 1166 2561 1180 2592; x_wconf 85' lang='lat' dir='ltr'>a</span> 
     </span>
     <span class='ocr_line' id='line_1_35' title="bbox 220 2603 1179 2667; baseline 0.003 -15"><span class='ocrx_word' id='word_1_324' title='bbox 220 2607 267 2660; x_wconf 83' lang='lat' dir='ltr'>Qui</span> <span class='ocrx_word' id='word_1_325' title='bbox 279 2607 417 2652; x_wconf 84' lang='lat' dir='ltr'>maledixerit</span> <span class='ocrx_word' id='word_1_326' title='bbox 427 2607 483 2667; x_wconf 87' lang='lat' dir='ltr'>patri</span> <span class='ocrx_word' id='word_1_327' title='bbox 495 2613 533 2652; x_wconf 86' lang='lat' dir='ltr'>out</span> <span class='ocrx_word' id='word_1_328' title='bbox 541 2606 612 2659; x_wconf 86' lang='lat' dir='ltr'>matri,</span> <span class='ocrx_word' id='word_1_329' title='bbox 622 2622 682 2652; x_wconf 90' lang='lat' dir='ltr'>mor·</span> <span class='ocrx_word' id='word_1_330' title='bbox 716 2603 795 2652; x_wconf 85' lang='lat' dir='ltr'>finibus</span> <span class='ocrx_word' id='word_1_331' title='bbox 805 2605 847 2651; x_wconf 87' lang='lat' dir='ltr'>illis</span> <span class='ocrx_word' id='word_1_332' title='bbox 858 2621 953 2666; x_wconf 74' lang='lat' dir='ltr'>egressa,</span> <span class='ocrx_word' id='word_1_333' title='bbox 966 2606 1096 2660; x_wconf 77' lang='lat' dir='ltr'>clamitavit,-</span> <span class='ocrx_word' id='word_1_334' title='bbox 1104 2609 1179 2655; x_wconf 78' lang='lat' dir='ltr'>dicent</span> 
     </span>
     <span class='ocr_line' id='line_1_36' title="bbox 220 2669 1177 2725; baseline 0.002 -10"><span class='ocrx_word' id='word_1_335' title='bbox 220 2679 241 2716; x_wconf 91' lang='lat' dir='ltr'>te</span> <span class='ocrx_word' id='word_1_336' title='bbox 249 2671 362 2716; x_wconf 89' lang='lat' dir='ltr'>moriatur.</span> <span class='ocrx_word' id='word_1_337' title='bbox 715 2669 743 2721; x_wconf 86' lang='lat' dir='ltr'>ei,</span> <span class='ocrx_word' id='word_1_338' title='bbox 756 2669 865 2716; x_wconf 86' lang='lat' dir='ltr'>Miserere</span> <span class='ocrx_word' id='word_1_339' title='bbox 875 2670 923 2723; x_wconf 88' lang='lat' dir='ltr'>mei,</span> <span class='ocrx_word' id='word_1_340' title='bbox 934 2669 1040 2725; x_wconf 88' lang='lat' dir='ltr'>Domine,</span> <span class='ocrx_word' id='word_1_341' title='bbox 1048 2671 1078 2717; x_wconf 88' lang='lat' dir='ltr'>iili</span> <span class='ocrx_word' id='word_1_342' title='bbox 1089 2671 1177 2720; x_wconf 88' lang='lat' dir='ltr'>David!</span> 
     </span>
     <span class='ocr_line' id='line_1_37' title="bbox 252 2729 1150 2793; baseline 0.002 -13"><span class='ocrx_word' id='word_1_343' title='bbox 252 2737 267 2780; x_wconf 91' lang='lat'><em>5</em></span> <span class='ocrx_word' id='word_1_344' title='bbox 285 2733 334 2779; x_wconf 88' lang='lat' dir='ltr'>Vos</span> <span class='ocrx_word' id='word_1_345' title='bbox 353 2739 427 2779; x_wconf 88' lang='lat' dir='ltr'>autern</span> <span class='ocrx_word' id='word_1_346' title='bbox 449 2733 527 2786; x_wconf 85' lang='lat' dir='ltr'>dicitis,</span> <span class='ocrx_word' id='word_1_347' title='bbox 549 2732 683 2793; x_wconf 85' lang='lat' dir='ltr'>Quicunque</span> <span class='ocrx_word' id='word_1_348' title='bbox 714 2731 760 2780; x_wconf 78' lang='lat' dir='ltr'>fitis</span> <span class='ocrx_word' id='word_1_349' title='bbox 770 2749 820 2779; x_wconf 86' lang='lat' dir='ltr'>mea</span> <span class='ocrx_word' id='word_1_350' title='bbox 831 2729 1038 2781; x_wconf 72' lang='lat' dir='ltr'>maldadaemonio</span> <span class='ocrx_word' id='word_1_351' title='bbox 1050 2747 1150 2782; x_wconf 85' lang='lat' dir='ltr'>vexatur.</span> 
     </span>
     <span class='ocr_line' id='line_1_38' title="bbox 221 2795 1176 2860; baseline 0.002 -18"><span class='ocrx_word' id='word_1_352' title='bbox 221 2797 300 2842; x_wconf 87' lang='lat' dir='ltr'>dixerit</span> <span class='ocrx_word' id='word_1_353' title='bbox 315 2798 370 2858; x_wconf 88' lang='lat' dir='ltr'>patri</span> <span class='ocrx_word' id='word_1_354' title='bbox 390 2804 429 2843; x_wconf 90' lang='lat' dir='ltr'>aut</span> <span class='ocrx_word' id='word_1_355' title='bbox 445 2796 518 2851; x_wconf 82' lang='lat' dir='ltr'>matri,</span> <span class='ocrx_word' id='word_1_356' title='bbox 534 2795 628 2842; x_wconf 90' lang='lat' dir='ltr'>Donum</span> <span class='ocrx_word' id='word_1_357' title='bbox 643 2807 682 2851; x_wconf 79' lang='lat' dir='ltr'>est,</span> <span class='ocrx_word' id='word_1_358' title='bbox 748 2801 780 2843; x_wconf 78' lang='lat'>23</span> <span class='ocrx_word' id='word_1_359' title='bbox 797 2796 839 2843; x_wconf 88' lang='lat' dir='ltr'>Ille</span> <span class='ocrx_word' id='word_1_360' title='bbox 850 2795 903 2844; x_wconf 83' lang='lat' dir='ltr'>verri</span> <span class='ocrx_word' id='word_1_361' title='bbox 915 2813 959 2843; x_wconf 92' lang='lat' dir='ltr'>non</span> <span class='ocrx_word' id='word_1_362' title='bbox 969 2800 1081 2859; x_wconf 87' lang='lat' dir='ltr'>respondit</span> <span class='ocrx_word' id='word_1_363' title='bbox 1089 2800 1109 2845; x_wconf 92' lang='lat' dir='ltr'>ei</span> <span class='ocrx_word' id='word_1_364' title='bbox 1116 2801 1176 2860; x_wconf 72' lang='lat' dir='ltr'>quir-</span> 
     </span>
     <span class='ocr_line' id='line_1_39' title="bbox 220 2855 1174 2925; baseline 0.004 -19"><span class='ocrx_word' id='word_1_365' title='bbox 220 2861 503 2922; x_wconf 79' lang='lat' dir='ltr'>qrocnnquearnejuvari</span> <span class='ocrx_word' id='word_1_366' title='bbox 513 2862 683 2922; x_wconf 80' lang='lat' dir='ltr'>posses,ineons</span> <span class='ocrx_word' id='word_1_367' title='bbox 714 2855 788 2921; x_wconf 83' lang='lat' dir='ltr'>quant</span> <span class='ocrx_word' id='word_1_368' title='bbox 822 2861 888 2908; x_wconf 84' lang='lat' dir='ltr'>Tune</span> <span class='ocrx_word' id='word_1_369' title='bbox 898 2861 1027 2910; x_wconf 85' lang='lat' dir='ltr'>accedentes</span> <span class='ocrx_word' id='word_1_370' title='bbox 1044 2863 1143 2925; x_wconf 85' lang='lat' dir='ltr'>discipuli</span> <span class='ocrx_word' id='word_1_371' title='bbox 1154 2881 1174 2910; x_wconf 88' lang='lat' dir='ltr'>o·</span> 
     </span>
     <span class='ocr_line' id='line_1_40' title="bbox 219 2922 1178 2988; baseline 0.003 -17"><span class='ocrx_word' id='word_1_372' title='bbox 219 2927 262 2971; x_wconf 79' lang='lat' dir='ltr'>err&#39;t</span> <span class='ocrx_word' id='word_1_373' title='bbox 270 2947 279 2980; x_wconf 75' lang='lat'><em>5</em></span> <span class='ocrx_word' id='word_1_374' title='bbox 296 2932 319 2971; x_wconf 82' lang='lat' dir='ltr'>et</span> <span class='ocrx_word' id='word_1_375' title='bbox 335 2939 473 2986; x_wconf 89' lang='lat' dir='ltr'>nequaquam</span> <span class='ocrx_word' id='word_1_376' title='bbox 489 2925 632 2971; x_wconf 88' lang='lat' dir='ltr'>honoraverit</span> <span class='ocrx_word' id='word_1_377' title='bbox 643 2942 682 2988; x_wconf 86' lang='lat' dir='ltr'>pa·</span> <span class='ocrx_word' id='word_1_378' title='bbox 709 2926 750 2986; x_wconf 81' lang='lat' dir='ltr'>jus</span> <span class='ocrx_word' id='word_1_379' title='bbox 765 2922 872 2987; x_wconf 77' lang='lat' dir='ltr'>rogirunt</span> <span class='ocrx_word' id='word_1_380' title='bbox 887 2941 945 2980; x_wconf 90' lang='lat' dir='ltr'>eum,</span> <span class='ocrx_word' id='word_1_381' title='bbox 962 2926 1066 2982; x_wconf 86' lang='lat' dir='ltr'>dicentes,</span> <span class='ocrx_word' id='word_1_382' title='bbox 1083 2928 1178 2974; x_wconf 81' lang='lat' dir='ltr'>Dimitte</span> 
     </span>
     <span class='ocr_line' id='line_1_41' title="bbox 220 2989 1060 3052; baseline 0.001 -16"><span class='ocrx_word' id='word_1_383' title='bbox 220 3000 276 3036; x_wconf 88' lang='lat' dir='ltr'>trern</span> <span class='ocrx_word' id='word_1_384' title='bbox 288 3005 353 3036; x_wconf 86' lang='lat' dir='ltr'>suum</span> <span class='ocrx_word' id='word_1_385' title='bbox 364 2996 402 3035; x_wconf 86' lang='lat' dir='ltr'>aut</span> <span class='ocrx_word' id='word_1_386' title='bbox 413 2997 506 3036; x_wconf 87' lang='lat' dir='ltr'>matrem</span> <span class='ocrx_word' id='word_1_387' title='bbox 518 3003 588 3036; x_wconf 81' lang='lat' dir='ltr'>suam.</span> <span class='ocrx_word' id='word_1_388' title='bbox 715 3005 781 3048; x_wconf 86' lang='lat' dir='ltr'>eam;</span> <span class='ocrx_word' id='word_1_389' title='bbox 798 3006 850 3036; x_wconf 87' lang='lat' dir='ltr'>nam</span> <span class='ocrx_word' id='word_1_390' title='bbox 861 2989 940 3037; x_wconf 85' lang='lat' dir='ltr'>clamat</span> <span class='ocrx_word' id='word_1_391' title='bbox 950 2998 1001 3052; x_wconf 89' lang='lat' dir='ltr'>post</span> <span class='ocrx_word' id='word_1_392' title='bbox 1012 3005 1060 3038; x_wconf 89' lang='lat' dir='ltr'>nos.</span> 
     </span>
     <span class='ocr_line' id='line_1_42' title="bbox 253 3051 1231 3117; baseline 0 -17"><span class='ocrx_word' id='word_1_393' title='bbox 253 3059 268 3100; x_wconf 91' lang='lat'><strong>6</strong></span> <span class='ocrx_word' id='word_1_394' title='bbox 292 3053 324 3101; x_wconf 88' lang='lat' dir='ltr'>Et</span> <span class='ocrx_word' id='word_1_395' title='bbox 346 3054 431 3100; x_wconf 87' lang='lat' dir='ltr'>irritum</span> <span class='ocrx_word' id='word_1_396' title='bbox 451 3052 533 3100; x_wconf 79' lang='lat' dir='ltr'>fecistis</span> <span class='ocrx_word' id='word_1_397' title='bbox 555 3053 683 3101; x_wconf 84' lang='lat' dir='ltr'>mandatum</span> <span class='ocrx_word' id='word_1_398' title='bbox 748 3058 780 3099; x_wconf 80' lang='lat'>24</span> <span class='ocrx_word' id='word_1_399' title='bbox 803 3052 855 3116; x_wconf 89' lang='lat' dir='ltr'>Ipse</span> <span class='ocrx_word' id='word_1_400' title='bbox 878 3051 933 3102; x_wconf 79' lang='lat' dir='ltr'>verb</span> <span class='ocrx_word' id='word_1_401' title='bbox 960 3057 1096 3117; x_wconf 89' lang='lat' dir='ltr'>respondens</span> <span class='ocrx_word' id='word_1_402' title='bbox 1117 3057 1172 3102; x_wconf 78' lang='lat' dir='ltr'>dixit</span> <span class='ocrx_word' id='word_1_403' title='bbox 1229 3077 1231 3089; x_wconf 52' lang='grc' dir='ltr'><strong><em>ι</em></strong></span> 
     </span>
     <span class='ocr_line' id='line_1_43' title="bbox 221 3117 1178 3183; baseline 0 -17"><span class='ocrx_word' id='word_1_404' title='bbox 221 3117 265 3166; x_wconf 82' lang='lat' dir='ltr'>Dei</span> <span class='ocrx_word' id='word_1_405' title='bbox 278 3135 317 3180; x_wconf 90' lang='lat' dir='ltr'>per</span> <span class='ocrx_word' id='word_1_406' title='bbox 327 3119 466 3166; x_wconf 87' lang='lat' dir='ltr'>traditionem</span> <span class='ocrx_word' id='word_1_407' title='bbox 476 3125 580 3166; x_wconf 81' lang='lat' dir='ltr'>vestram.</span> <span class='ocrx_word' id='word_1_408' title='bbox 716 3117 771 3166; x_wconf 92' lang='lat' dir='ltr'>Non</span> <span class='ocrx_word' id='word_1_409' title='bbox 783 3135 831 3165; x_wconf 89' lang='lat' dir='ltr'>sum</span> <span class='ocrx_word' id='word_1_410' title='bbox 843 3119 923 3166; x_wconf 86' lang='lat' dir='ltr'>missus</span> <span class='ocrx_word' id='word_1_411' title='bbox 934 3119 975 3166; x_wconf 91' lang='lat' dir='ltr'>nisi</span> <span class='ocrx_word' id='word_1_412' title='bbox 983 3121 1012 3167; x_wconf 88' lang='lat' dir='ltr'>ad</span> <span class='ocrx_word' id='word_1_413' title='bbox 1020 3137 1074 3168; x_wconf 88' lang='lat' dir='ltr'>oves</span> <span class='ocrx_word' id='word_1_414' title='bbox 1084 3121 1178 3183; x_wconf 71' lang='lat' dir='ltr'>perditas</span> 
     </span>
     <span class='ocr_line' id='line_1_44' title="bbox 253 3181 902 3246; baseline 0.002 -17"><span class='ocrx_word' id='word_1_415' title='bbox 253 3186 266 3229; x_wconf 79' lang='lat' dir='ltr'>t</span> <span class='ocrx_word' id='word_1_416' title='bbox 286 3182 431 3246; x_wconf 81' lang='lat' dir='ltr'>Hypocritae,</span> <span class='ocrx_word' id='word_1_417' title='bbox 443 3184 499 3230; x_wconf 87' lang='lat' dir='ltr'>bene</span> <span class='ocrx_word' id='word_1_418' title='bbox 515 3183 543 3230; x_wconf 84' lang='lat' dir='ltr'>da</span> <span class='ocrx_word' id='word_1_419' title='bbox 556 3183 619 3230; x_wconf 85' lang='lat' dir='ltr'>vobis</span> <span class='ocrx_word' id='word_1_420' title='bbox 629 3199 682 3245; x_wconf 89' lang='lat' dir='ltr'>pro·</span> <span class='ocrx_word' id='word_1_421' title='bbox 715 3181 794 3230; x_wconf 77' lang='lat' dir='ltr'>domas</span> <span class='ocrx_word' id='word_1_422' title='bbox 806 3182 902 3230; x_wconf 84' lang='lat' dir='ltr'>Isra‘e&#39;lis.</span> 
     </span>
     <span class='ocr_line' id='line_1_45' title="bbox 220 3246 1177 3310; baseline 0.001 -16"><span class='ocrx_word' id='word_1_423' title='bbox 220 3249 319 3310; x_wconf 75' lang='lat' dir='ltr'>phetavit</span> <span class='ocrx_word' id='word_1_424' title='bbox 331 3247 416 3302; x_wconf 85' lang='lat' dir='ltr'>Esaias,</span> <span class='ocrx_word' id='word_1_425' title='bbox 429 3248 511 3300; x_wconf 89' lang='lat' dir='ltr'>dicens,</span> <span class='ocrx_word' id='word_1_426' title='bbox 748 3251 778 3295; x_wconf 81' lang='lat'>25</span> <span class='ocrx_word' id='word_1_427' title='bbox 797 3246 840 3294; x_wconf 81' lang='lat' dir='ltr'>Illa</span> <span class='ocrx_word' id='word_1_428' title='bbox 857 3255 931 3295; x_wconf 87' lang='lat' dir='ltr'>autem</span> <span class='ocrx_word' id='word_1_429' title='bbox 952 3247 1015 3295; x_wconf 90' lang='lat' dir='ltr'>venit</span> <span class='ocrx_word' id='word_1_430' title='bbox 1035 3258 1058 3295; x_wconf 85' lang='lat' dir='ltr'>et</span> <span class='ocrx_word' id='word_1_431' title='bbox 1079 3248 1177 3296; x_wconf 73' lang='lat' dir='ltr'>adoravit</span> 
     </span>
     <span class='ocr_line' id='line_1_46' title="bbox 252 3310 1176 3374; baseline 0.003 -16"><span class='ocrx_word' id='word_1_432' title='bbox 252 3315 267 3358; x_wconf 82' lang='grc'>8</span> <span class='ocrx_word' id='word_1_433' title='bbox 284 3311 455 3374; x_wconf 81' lang='lat' dir='ltr'>Appropinquat</span> <span class='ocrx_word' id='word_1_434' title='bbox 467 3310 520 3356; x_wconf 90' lang='lat' dir='ltr'>mihi</span> <span class='ocrx_word' id='word_1_435' title='bbox 538 3311 633 3372; x_wconf 90' lang='lat' dir='ltr'>populus</span> <span class='ocrx_word' id='word_1_436' title='bbox 647 3313 683 3358; x_wconf 88' lang='lat' dir='ltr'>hic</span> <span class='ocrx_word' id='word_1_437' title='bbox 714 3326 772 3365; x_wconf 87' lang='lat' dir='ltr'>euru,</span> <span class='ocrx_word' id='word_1_438' title='bbox 785 3312 865 3366; x_wconf 87' lang='lat' dir='ltr'>dicens,</span> <span class='ocrx_word' id='word_1_439' title='bbox 878 3310 984 3364; x_wconf 89' lang='lat' dir='ltr'>Domine,</span> <span class='ocrx_word' id='word_1_440' title='bbox 996 3326 1100 3360; x_wconf 86' lang='lat' dir='ltr'>succurre</span> <span class='ocrx_word' id='word_1_441' title='bbox 1111 3311 1176 3361; x_wconf 90' lang='lat' dir='ltr'>mihil</span> 
     </span>
     <span class='ocr_line' id='line_1_47' title="bbox 219 3372 1176 3436; baseline 0.001 -13"><span class='ocrx_word' id='word_1_442' title='bbox 219 3391 259 3424; x_wconf 79' lang='lat' dir='ltr'>ote</span> <span class='ocrx_word' id='word_1_443' title='bbox 267 3391 315 3430; x_wconf 81' lang='lat' dir='ltr'>suo,</span> <span class='ocrx_word' id='word_1_444' title='bbox 322 3384 346 3422; x_wconf 88' lang='lat' dir='ltr'>et</span> <span class='ocrx_word' id='word_1_445' title='bbox 354 3376 415 3423; x_wconf 82' lang='lat' dir='ltr'>labiis</span> <span class='ocrx_word' id='word_1_446' title='bbox 422 3391 458 3421; x_wconf 88' lang='lat' dir='ltr'>me</span> <span class='ocrx_word' id='word_1_447' title='bbox 467 3376 561 3420; x_wconf 91' lang='lat' dir='ltr'>honorat</span> <span class='ocrx_word' id='word_1_448' title='bbox 570 3392 577 3431; x_wconf 83' lang='lat'>3</span> <span class='ocrx_word' id='word_1_449' title='bbox 596 3391 635 3421; x_wconf 90' lang='lat' dir='ltr'>cor</span> <span class='ocrx_word' id='word_1_450' title='bbox 642 3392 682 3422; x_wconf 89' lang='lat' dir='ltr'>au-</span> <span class='ocrx_word' id='word_1_451' title='bbox 748 3379 779 3421; x_wconf 80' lang='grc'>26</span> <span class='ocrx_word' id='word_1_452' title='bbox 797 3373 848 3436; x_wconf 88' lang='lat' dir='ltr'>lpse</span> <span class='ocrx_word' id='word_1_453' title='bbox 859 3372 912 3421; x_wconf 85' lang='lat' dir='ltr'>verd</span> <span class='ocrx_word' id='word_1_454' title='bbox 921 3375 1055 3436; x_wconf 86' lang='lat' dir='ltr'>respondent</span> <span class='ocrx_word' id='word_1_455' title='bbox 1063 3377 1124 3423; x_wconf 70' lang='lat' dir='ltr'>dixit.</span> <span class='ocrx_word' id='word_1_456' title='bbox 1133 3391 1176 3425; x_wconf 87' lang='lat' dir='ltr'>non</span> 
     </span>
     <span class='ocr_line' id='line_1_48' title="bbox 220 3436 1177 3502; baseline 0 -16"><span class='ocrx_word' id='word_1_457' title='bbox 220 3445 265 3486; x_wconf 77' lang='lat' dir='ltr'>tem</span> <span class='ocrx_word' id='word_1_458' title='bbox 277 3455 354 3486; x_wconf 84' lang='lat' dir='ltr'>eorum</span> <span class='ocrx_word' id='word_1_459' title='bbox 365 3439 442 3502; x_wconf 88' lang='lat' dir='ltr'>procul</span> <span class='ocrx_word' id='word_1_460' title='bbox 453 3436 514 3485; x_wconf 89' lang='lat' dir='ltr'>abest</span> <span class='ocrx_word' id='word_1_461' title='bbox 525 3453 539 3484; x_wconf 90' lang='lat' dir='ltr'>a</span> <span class='ocrx_word' id='word_1_462' title='bbox 549 3454 592 3498; x_wconf 88' lang='lat' dir='ltr'>me.</span> <span class='ocrx_word' id='word_1_463' title='bbox 716 3445 750 3484; x_wconf 88' lang='lat' dir='ltr'>est</span> <span class='ocrx_word' id='word_1_464' title='bbox 761 3440 843 3484; x_wconf 87' lang='lat' dir='ltr'>bonurn</span> <span class='ocrx_word' id='word_1_465' title='bbox 853 3439 952 3500; x_wconf 86' lang='lat' dir='ltr'>accipere</span> <span class='ocrx_word' id='word_1_466' title='bbox 963 3455 1043 3500; x_wconf 84' lang='lat' dir='ltr'>panem</span> <span class='ocrx_word' id='word_1_467' title='bbox 1053 3439 1177 3496; x_wconf 83' lang='lat' dir='ltr'>hberornnr,</span> 
     </span>
    </p>
   </div>
   <div class='ocr_carea' id='block_1_5' title="bbox 210 3493 1175 3818">
    <p class='ocr_par' dir='ltr' id='par_1_5' title="bbox 210 3493 1175 3818">
     <span class='ocr_line' id='line_1_49' title="bbox 253 3493 945 3564; baseline 0 -14"><span class='ocrx_word' id='word_1_468' title='bbox 253 3493 268 3550; x_wconf 83' lang='lat'>9&#39;</span> <span class='ocrx_word' id='word_1_469' title='bbox 286 3504 329 3550; x_wconf 86' lang='lat' dir='ltr'>Sed</span> <span class='ocrx_word' id='word_1_470' title='bbox 340 3500 422 3550; x_wconf 68' lang='lat' dir='ltr'>frustra</span> <span class='ocrx_word' id='word_1_471' title='bbox 438 3519 474 3549; x_wconf 90' lang='lat' dir='ltr'>me</span> <span class='ocrx_word' id='word_1_472' title='bbox 485 3502 568 3556; x_wconf 88' lang='lat' dir='ltr'>colunt,</span> <span class='ocrx_word' id='word_1_473' title='bbox 580 3503 684 3550; x_wconf 80' lang='lat' dir='ltr'>docentes</span> <span class='ocrx_word' id='word_1_474' title='bbox 717 3511 739 3548; x_wconf 86' lang='lat' dir='ltr'>et</span> <span class='ocrx_word' id='word_1_475' title='bbox 750 3504 844 3564; x_wconf 82' lang='lat' dir='ltr'>objicere</span> <span class='ocrx_word' id='word_1_476' title='bbox 854 3503 945 3550; x_wconf 77' lang='lat' dir='ltr'>catellis.</span> 
     </span>
     <span class='ocr_line' id='line_1_50' title="bbox 210 3565 1174 3629; baseline 0 -15"><span class='ocrx_word' id='word_1_477' title='bbox 210 3567 331 3614; x_wconf 68' lang='lat' dir='ltr'>-loatrinas</span> <span class='ocrx_word' id='word_1_478' title='bbox 350 3584 409 3629; x_wconf 84' lang='lat' dir='ltr'>qnae</span> <span class='ocrx_word' id='word_1_479' title='bbox 426 3575 479 3614; x_wconf 74' lang='lat' dir='ltr'>arent</span> <span class='ocrx_word' id='word_1_480' title='bbox 494 3567 597 3614; x_wconf 80' lang='lat' dir='ltr'>mandata</span> <span class='ocrx_word' id='word_1_481' title='bbox 611 3568 684 3612; x_wconf 87' lang='lat' dir='ltr'>homi·</span> <span class='ocrx_word' id='word_1_482' title='bbox 750 3571 780 3614; x_wconf 82' lang='lat'>27</span> <span class='ocrx_word' id='word_1_483' title='bbox 799 3565 851 3628; x_wconf 86' lang='lat' dir='ltr'>Ipsa</span> <span class='ocrx_word' id='word_1_484' title='bbox 861 3575 935 3614; x_wconf 84' lang='lat' dir='ltr'>autem</span> <span class='ocrx_word' id='word_1_485' title='bbox 951 3567 1013 3621; x_wconf 87' lang='lat' dir='ltr'>dixit,</span> <span class='ocrx_word' id='word_1_486' title='bbox 1031 3566 1114 3621; x_wconf 88' lang='lat' dir='ltr'>Etiam,</span> <span class='ocrx_word' id='word_1_487' title='bbox 1128 3567 1174 3614; x_wconf 88' lang='lat' dir='ltr'>Do·</span> 
     </span>
     <span class='ocr_line' id='line_1_51' title="bbox 223 3631 1175 3684; baseline -0.004 -4"><span class='ocrx_word' id='word_1_488' title='bbox 223 3646 282 3680; x_wconf 79' lang='lat' dir='ltr'>tum.</span> <span class='ocrx_word' id='word_1_489' title='bbox 717 3631 789 3678; x_wconf 82' lang='lat' dir='ltr'>mine:</span> <span class='ocrx_word' id='word_1_490' title='bbox 809 3632 890 3677; x_wconf 88' lang='lat' dir='ltr'>etenim</span> <span class='ocrx_word' id='word_1_491' title='bbox 902 3632 972 3677; x_wconf 86' lang='lat' dir='ltr'>catelli</span> <span class='ocrx_word' id='word_1_492' title='bbox 982 3641 1102 3680; x_wconf 83' lang='lat' dir='ltr'>vescuntur</span> <span class='ocrx_word' id='word_1_493' title='bbox 1108 3633 1175 3684; x_wconf 72' lang='lat' dir='ltr'>nuris</span> 
     </span>
     <span class='ocr_line' id='line_1_52' title="bbox 255 3691 1173 3754; baseline -0.001 -14"><span class='ocrx_word' id='word_1_494' title='bbox 255 3698 285 3740; x_wconf 86' lang='lat' dir='ltr'>to</span> <span class='ocrx_word' id='word_1_495' title='bbox 302 3693 334 3740; x_wconf 84' lang='lat' dir='ltr'>Et</span> <span class='ocrx_word' id='word_1_496' title='bbox 359 3692 462 3741; x_wconf 76' lang='lat' dir='ltr'>uvocnt</span> <span class='ocrx_word' id='word_1_497' title='bbox 484 3691 547 3741; x_wconf 75' lang='lat' dir='ltr'>turbis</span> <span class='ocrx_word' id='word_1_498' title='bbox 568 3695 622 3740; x_wconf 75' lang='lat' dir='ltr'>dixi?¹</span> <span class='ocrx_word' id='word_1_499' title='bbox 645 3696 683 3748; x_wconf 89' lang='lat' dir='ltr'>eis,</span> <span class='ocrx_word' id='word_1_500' title='bbox 716 3709 773 3754; x_wconf 86' lang='lat' dir='ltr'>quae</span> <span class='ocrx_word' id='word_1_501' title='bbox 783 3693 969 3742; x_wconf 77' lang='lat' dir='ltr'>eaduntemeneri</span> <span class='ocrx_word' id='word_1_502' title='bbox 977 3696 1115 3742; x_wconf 88' lang='lat' dir='ltr'>dominorum</span> <span class='ocrx_word' id='word_1_503' title='bbox 1128 3711 1173 3742; x_wconf 67' lang='lat' dir='ltr'>aura</span> 
     </span>
     <span class='ocr_line' id='line_1_53' title="bbox 225 3759 773 3818; baseline -0.004 -14"><span class='ocrx_word' id='word_1_504' title='bbox 225 3759 312 3810; x_wconf 63' lang='lat' dir='ltr'>nette,</span> <span class='ocrx_word' id='word_1_505' title='bbox 324 3766 347 3804; x_wconf 88' lang='lat' dir='ltr'>et</span> <span class='ocrx_word' id='word_1_506' title='bbox 360 3759 488 3818; x_wconf 85' lang='lat' dir='ltr'>intelligite.</span> <span class='ocrx_word' id='word_1_507' title='bbox 718 3773 773 3804; x_wconf 88' lang='lat' dir='ltr'>rum.</span> 
     </span>
    </p>
   </div>
   <div class='ocr_carea' id='block_1_6' title="bbox 0 0 1372 4314">
    <p class='ocr_par' dir='ltr' id='par_1_6' title="bbox 0 0 1372 4314">
     <span class='ocr_line' id='line_1_54' title="bbox 0 0 1372 4314; baseline 0 0"><span class='ocrx_word' id='word_1_508' title='bbox 0 0 1372 4314; x_wconf 95' lang='lat' dir='ltr'> </span> 
     </span>
    </p>
   </div>
  </div>
 </body>
</html>
