2756 4320
567 412 736 460 EPISTULA
754 409 860 458 PAULI

270 504 300 548 ts
317 498 387 546 Dicor
398 515 453 560 ergo
463 499 530 545 milri:
550 499 612 552 Quid
627 499 698 544 adhuc
728 498 826 558 quisquis
844 497 913 543 credit
932 511 954 544 ιιι
973 512 1031 549 euni,
1054 513 1099 545 aaa
1121 499 1190 561 lule-

240 563 370 610 mccerrseti
391 579 442 608 nam
459 563 567 610 voluntati
579 563 636 608 illius
648 563 697 622 quis
729 560 774 606 fiet.

238 627 335 673 resistit?

268 695 299 736 20
316 686 366 735 lrud
379 687 436 744 verri,
453 688 551 742 dbomo,
568 695 593 734 tu
609 689 658 748 quis
674 705 698 736 es
897 686 970 735 CAP.
993 687 1022 736 X

237 769 264 800 ex
274 755 367 800 aduerso
377 769 492 814 responsas
502 753 574 799 Deo?
592 752 654 798 Nurn
663 753 697 798 di-
788 750 930 805 RATRES,
939 768 1047 812 propensa
1054 750 1143 813 qrnde’sn
1150 769 1187 801 vo

236 826 271 864 cet
290 817 420 878 iigrrrcatum
438 817 516 872 lictcri,
536 815 584 866 Cur
602 832 638 864 me
656 817 699 864 tale
804 815 875 860 luntas
886 816 959 861 cordis
970 817 1019 869 mei,
1035 825 1057 861 et
1068 819 1191 876 deprecatio
1225 833 1232 838 ·

237 881 326 928 iecisti?
730 879 758 924 sd
776 877 852 924 Deum
872 894 937 940 super
957 877 1027 926 lsrael
1042 889 1077 926 est
1092 882 1120 926 ad
1134 882 1181 930 §aiu

268 949 296 990 ‘21
316 946 400 991 Annon
412 945 476 990 habet
492 950 623 1006 potestatem
639 942 698 1005 iign-
730 948 783 988 tem.

243 1024 270 1054 us
281 1013 303 1054 in
315 1009 393 1062 lutum,
409 1016 434 1054 ut
444 1023 473 1054 ex
483 1006 560 1056 eidem
576 1004 649 1054 massa
664 1007 698 1054 ss·
763 1009 779 1050 2
795 1003 877 1052 Testor
888 1006 947 1051 enirn
958 1009 986 1052 de
997 1006 1055 1067 ipsis,
1067 1023 1106 1052 cos
1118 1008 1190 1056 selum

240 1073 279 1119 *ist
290 1074 348 1118 aliud
359 1069 448 1134 quiddm
463 1088 502 1119 vss
513 1071 541 1119 sd
555 1072 629 1126 decus,
640 1071 699 1118 siiud
731 1067 777 1116 Dei
789 1069 874 1122 babere,
886 1070 926 1116 sed
936 1085 980 1114 non
992 1085 1019 1116 ex
1032 1069 1115 1116 notitiis.

241 1135 290 1182 rard
301 1138 327 1182 ad
339 1137 452 1182 dedecus?
762 1137 779 1178 5
796 1131 857 1178 Nam
873 1133 1001 1194 ignorantes
1018 1133 1063 1180 Dei
1075 1135 1191 1196 justitiam,

269 1206 299 1245 2¹2
320 1203 381 1252 Quid
392 1201 410 1246 si
421 1196 475 1247 rerd
490 1199 567 1246 volens
584 1198 699 1245 ostendere
730 1202 754 1242 et
764 1197 874 1258 propriam
886 1198 995 1257 justitinrn
1010 1198 1123 1244 studentes
1138 1214 1191 1244 cons

246 1279 299 1317 rsrn,
308 1272 330 1310 et
339 1277 413 1310 notam
422 1263 621 1324 iacerepotentism
629 1277 698 1316 suam,
730 1261 827 1314 nituere,
832 1261 932 1322 justitiae
941 1260 985 1306 Dei
995 1261 1191 1308 nousueruntsub·

239 1329 325 1388 pertulit
337 1325 406 1372 multi
417 1327 506 1373 lenitate
515 1342 567 1380 resa
575 1329 627 1380 irae,
635 1341 698 1372 corn·
733 1325 796 1386 jecti.

238 1401 299 1453 {ructa
311 1392 339 1436 erl
350 1392 477 1445 interitum
763 1392 779 1432 4
796 1387 855 1433 Nam
867 1386 917 1434 iinis
928 1387 984 1449 legis
995 1397 1026 1434 est
1040 1386 1149 1444 Christus,
1165 1391 1191 1437 sd

268 1459 298 1500 95
316 1454 349 1500 Et
360 1464 384 1499 ut
395 1463 458 1499 notas
465 1453 546 1499 iaceret
553 1453 639 1499 divitias
647 1454 698 1513 glo·
732 1452 842 1512 justitiam
853 1452 923 1498 cuivis
933 1453 1037 1498 credenti.

237 1517 699 1578 riaesuaeergavasamisericordiae‚quae
763 1520 778 1563 5
796 1515 875 1561 Moses
891 1517 950 1561 enirn
967 1516 1069 1562 describit
1083 1518 1191 1577 justitiam

237 1580 570 1697 t‘tl³lll:2¹rtittn,
586 1645 697 1690 aaran
729 1579 1192 1704 ltsltiitttlztfflttffl‘¹¹¹‘

236 1724 284 1761 nos,
307 1724 352 1754 non
370 1706 441 1754 soldm
459 1722 488 1753 ex
505 1707 602 1762 Judseis,
621 1706 698 1766 sertim
763 1711 778 1753 6
795 1707 828 1752 At
839 1722 895 1766 quae
909 1722 938 1753 ex
953 1707 996 1752 fide
1012 1715 1046 1753 est
1058 1708 1145 1769 justitia
1163 1709 1192 1756 its

237 1773 301 1819 etiam
313 1788 341 1819 ex
354 1771 475 1834 gentibus?
676 1770 678 1787 ¹
730 1770 789 1825 dicis,
807 1771 844 1816 Ne
855 1771 936 1816 dixen's
951 1772 974 1816 in
990 1773 1056 1818 corde
1071 1779 1116 1826 tuo,
1135 1772 1192 1825 Quis

269 1837 299 1884 25
320 1837 352 1883 Ut
373 1838 439 1882 etiam
458 1835 516 1898 apud
536 1834 617 1882 Oseam
639 1835 698 1889 uicit,
730 1836 834 1880 ascendet
843 1835 866 1880 in
878 1834 984 1880 coelum?
1001 1837 1055 1897 (hoc
1064 1844 1103 1889 est,
1115 1835 1192 1883 Cirris·

238 1900 328 1948 Vocsba
341 1901 454 1963 populum,
465 1901 502 1961 qui
514 1915 576 1964 meus
588 1915 632 1946 non
641 1907 698 1953 erat,
731 1905 778 1944 tum
789 1913 818 1944 ex
829 1899 874 1944 alto
884 1898 992 1946 deducere
1001 1897 1022 1958 τ)

236 1966 341 2026 populum
353 1980 441 2020 meum;
458 1972 481 2009 et
489 1979 544 2017 eom,
556 1979 612 2024 quae
620 1963 699 2010 dilecta
763 1962 849 2016 snut
874 1961 932 2014 Quis
951 1963 1069 2010 descendet
1086 1963 1109 2010 in
1128 1965 1193 2024 abys-

236 2043 281 2074 non
292 2035 349 2081 erat,
360 2027 469 2073 dilectam.
731 2025 798 2071 sum?
814 2027 856 2072 hoc
867 2035 907 2080 est,
927 2025 1041 2073 Christum
1056 2042 1084 2075 ex
1101 2029 1193 2074 mortuis

269 2095 300 2137 26
317 2091 349 2136 Et
360 2091 407 2144 erit,
419 2092 441 2136 in
453 2090 502 2136 loco
514 2090 549 2135 ubi
559 2089 697 2136 dicturusne·
731 2090 842 2136 reducere.

236 2155 319 2206 rateis,
337 2153 496 2214 Nonpopulus
509 2169 572 2200 meus
588 2169 635 2208 vos,
653 2155 696 2201 illic
763 2153 902 2213 SSedquid
916 2153 988 2200 dicit?
1012 2153 1085 2215 Prope
1102 2161 1125 2200 te
1143 2171 1192 2205 vers

236 2219 373 2264 vocabuntur
383 2217 420 2263 lilii
432 2218 527 2264 viventis
539 2217 591 2264 Dei.
729 2216 781 2262 bum
798 2225 838 2270 est,
854 2217 876 2264 in
892 2233 931 2264 ore
948 2226 986 2263 tuo
997 2226 1020 2264 et
1030 2219 1052 2264 iu
1064 2219 1130 2264 corde
1148 2227 1192 2266 tuo

268 2286 298 2328 27
316 2282 396 2328 Esaias
406 2289 480 2328 autem
491 2282 572 2328 clunat
582 2297 648 2344 super
662 2279 698 2327 Is·
731 2279 784 2326 Hoc
795 2289 830 2326 est
841 2283 931 2328 uerbum
942 2282 1053 2328 illudtidei
1061 2283 1121 2342 quod
1129 2299 1192 2344 prae·

237 2347 289 2400 rael,
309 2348 389 2393 Etiam
407 2347 425 2392 si
443 2346 510 2393 fuerit
525 2361 630 2393 numerus
642 2345 698 2392 lilio-
730 2345 835 2390 dicemus.

236 2425 285 2456 rum
298 2409 386 2458 israelis
398 2419 422 2456 ut
432 2426 499 2458 arena
510 2411 582 2464 maris,
597 2411 700 2472 reliquiae
763 2413 778 2456 9
795 2410 890 2468 Nempe,
909 2405 967 2469 qurld
985 2409 1002 2455 si
1020 2411 1139 2471 agnoveris
1155 2428 1194 2458 ore

237 2476 389 2520 servabuntur.
730 2478 769 2517 tuo
777 2471 902 2520 Dominum
913 2472 998 2527 Jesum,
1009 2484 1032 2519 et
1043 2473 1160 2520 credideris
1172 2477 1193 2522 is

270 2543 301 2583 28
318 2538 377 2584 Rern
388 2538 447 2584 eninr
458 2537 560 2584 conficiet
568 2537 700 2584 etconcidet
723 2533 796 2582 'corde
808 2543 847 2582 tuo
857 2537 916 2596 qudd
928 2536 993 2583 Deus
1003 2553 1053 2584 euro
1065 2539 1193 2586 excitauits

238 2600 395 2660 sumJustitid:
420 2603 523 2660 quoniam
533 2617 579 2678 rpus
587 2603 698 2648 concisam
731 2599 833 2682 mortuis,¹
842 2601 969 2646 servaberis.

238 2663 700 2786 titiilllltlltlmars
730 2663 1193 2780 sd?it‘ttsstltldltisttt

238 2788 350 2836 Dominus
378 2790 472 2835 Sabaoth
495 2791 617 2850 reliquisset
638 2793 700 2838 nobis
731 2798 783 2836 tens.

237 2869 319 2906 semen,
331 2852 382 2899 iacti
393 2853 511 2900 fuissemus
522 2861 547 2899 ut
558 2854 662 2909 Sodonm
677 2862 700 2901 et
764 2857 791 2898 ll
811 2853 875 2900 Dicit
885 2856 944 2902 enirn
955 2855 1073 2917 Scriptura,
1086 2856 1193 2919 Quisquis

238 2918 378 2964 Gomorrlrae
389 2917 471 2963 similes
481 2917 533 2964 sacti
542 2917 666 2965 fuissemus.
730 2918 799 2966 credit
810 2919 833 2964 in
844 2935 902 2972 eum,
914 2935 959 2966 non
970 2919 1072 2980 pudefiet

268 2985 301 3028 30
317 2981 379 3035 Quid
397 2981 465 3043 igitur
481 2981 598 3028 dicemus?
620 2997 700 3044 nempe
765 2985 794 3028 12
811 2981 866 3028 Noa
877 2983 935 3028 enirn
944 2992 978 3030 est
986 2983 1097 3031 distinctio
1107 2983 1141 3030 vel
1149 2983 1187 3033 Ju-

238 3054 316 3108 gentes
323 3061 380 3105 quae
387 3061 432 3091 non
441 3047 580 3092 sectabantur
581 3047 698 3108 J'ustitiam,
730 3045 777 3092 daei
787 3046 822 3092 vel
832 3047 926 3092 Graeci:
945 3063 996 3094 num
1003 3047 1061 3094 idem
1067 3056 1099 3095 est
1109 3047 1192 3096 Donri·

237 3111 405 3170 apprehendisse
411 3109 527 3172 justitiam,
538 3111 647 3172 justitiam
658 3126 698 3157 au·
730 3125 772 3156 nus
788 3110 896 3165 omniurn,
912 3112 974 3174 dives
985 3112 1008 3158 Ia
1018 3113 1108 3172 quossis
1118 3127 1133 3160 s
1142 3115 1191 3173 qui·

239 3183 283 3219 tern
294 3189 342 3220 earn
353 3189 410 3233 quae
420 3182 453 3220 est
462 3189 491 3220 ex
502 3173 561 3230 tides
730 3173 771 3220 bus
781 3174 903 3220 invocatur.

268 3241 297 3282 31
317 3234 422 3283 Israelem
444 3234 498 3284 verb
519 3238 555 3297 qui
578 3238 700 3284 sectabatur
764 3241 794 3283 13
812 3238 918 3298 Quisquis
929 3239 987 3283 enirn
998 3239 1133 3286 invocaretis
1150 3255 1188 3288 no·

238 3301 309 3361 legem
316 3303 422 3374 Jusntiac,
431 3301 459 3347 ad
467 3300 539 3364 legem
546 3301 646 3362 justitiae
654 3317 699 3348 non
730 3315 781 3347 men
795 3300 894 3355 Domini,
906 3303 1034 3347 servabitur.

237 3378 413 3480 perovaeugsrriirel
436 3426 700 3481 erianonexiidesed
730 3364 1190 3490 caditnliiiiriiinliillileiiilroiaili·

238 3491 448 3551 relutexoperibus
464 3490 535 3552 legis:
560 3491 699 3538 offenderunt
730 3492 881 3538 modoautenr
897 3493 989 3538 credent
1004 3495 1027 3539 ει·
1042 3494 1069 3538 de
1085 3509 1129 3552 quo
1146 3508 1191 3542 nos

237 3556 295 3600 enim
308 3554 335 3599 sd
345 3553 438 3615 lapidem
454 3554 586 3601 oliendiculi.
728 3555 856 3604 audierint?
881 3557 993 3615 quomodo
1011 3566 1085 3604 autern
1103 3557 1192 3606 nudant

268 3621 300 3662 33
317 3616 511 3670 Quemadmodum
529 3619 634 3680 scripturn
656 3626 698 3674 est,
728 3620 977 3679 obsqucpraedicante?

240 3677 305 3731 Eece,
319 3694 379 3739 pono
389 3681 412 3726 iu
425 3681 479 3728 Sion
489 3682 583 3741 lapidem
593 3682 622 3730 ad
631 3696 698 3742 quem
764 3686 793 3730 15
810 3682 931 3736 Quomodo
947 3691 1021 3730 autem
1037 3684 1190 3745 praedic-abun·

237 3742 370 3802 appingitur,
382 3749 501 3847 espletgq‘arn
512 3744 650 3792 offendiculis
674 3751 698 3787 et
731 3747 770 3794 nisi
781 3747 840 3792 missi
851 3746 950 3794 inerint?
966 3749 1024 3796 sicut
1034 3749 1139 3809 seriptum
1149 3755 1189 3802 est
