2756 4320
518 409 567 456 ,ιιι
589 394 764 467 nouenos,
787 409 835 458 ιιι

186 513 267 560 umus
283 511 378 565 mnium,
395 511 533 561 tumJudaei
545 513 660 575 inprimis,
691 521 842 576 transgressor
852 515 908 578 legis
924 517 996 573 fueris
1015 518 1150 568 circumcisio

189 588 236 624 tom
247 577 317 623 etiam
331 577 429 623 Graecia
692 586 729 624 tua
739 579 797 625 facta
807 588 841 626 est
851 582 996 641 praeputium.

224 645 254 686 to
272 641 356 686 Gloria
372 637 433 693 verd,
445 644 473 686 et‘
485 642 562 694 honor,
579 646 601 686 et
617 655 661 702 pax
724 647 755 688 26
772 640 851 704 Itaque
862 645 879 690 si
893 646 1030 706 praeputium
1043 643 1081 707 jus
1098 646 1152 708 legis

121 729 127 740 ·
191 705 318 751 m'tcuivis
329 705 431 764 operanti
447 705 535 757 bonum,
552 711 600 749 tum
617 705 660 752 Ju·
691 709 1153 772 servaveritnonnepraeputiumilliuspro

192 769 246 814 daeo
257 769 281 814 iu
292 769 378 828 primis,
390 775 438 812 turn
450 775 473 814 et
486 769 572 814 Graeco
581 785 587 813 t
691 770 857 816 circumcisione
868 771 1020 832 reputabitur?

226 835 253 877 11
274 831 331 878 Non
341 833 402 876 enim
419 839 453 877 est
467 846 611 894 personarum
622 847 659 878 ac·
723 837 753 879 27
772 833 803 879 Ει
812 835 870 894 quod
882 843 916 880 est
926 851 954 880 ex
966 832 1043 882 naturai
1059 851 1152 898 prnepu-

194 897 266 956 ceptio
277 896 337 956 apud
349 895 435 942 Deum.
691 896 753 950 tium
765 897 864 958 silegem
874 905 952 951 servet,
962 901 1070 944 damnabit
1081 909 1108 954 te,
1117 900 1154 962 qui

228 964 258 1004 12
275 961 411 1019 Quicunque
422 959 481 1004 enim
493 958 541 1004 sine
551 957 601 1019 lege
608 973 660 1020 pec·
691 974 730 1020 per
741 960 826 1006 literam
838 967 860 1006 et
876 962 1064 1008 circumcisionem
1082 971 1152 1010 trans«

193 1031 308 1077 caverunt,
324 1023 372 1068 sine
382 1023 433 1084 iege
444 1037 531 1083 quoque
541 1023 658 1083 peribunt:
691 1039 781 1086 gressor
790 1039 814 1069 es
825 1024 900 1084 legis?

195 1095 217 1134 et
227 1089 354 1147 quicunque
365 1086 387 1133 in
399 1086 449 1148 lege
457 1094 610 1148 peccaverunt,
621 1099 661 1147 per
724 1091 755 1131 28
773 1087 827 1132 Νοιι
838 1089 897 1132 enim
909 1088 944 1147 qui
956 1095 988 1133 est
999 1088 1022 1133 in
1038 1089 1151 1150 propetilc

195 1149 269 1212 legem
280 1151 456 1196 damnabuntur:
691 1151 801 1204 Judaeus,
819 1150 917 1198 Judaeus
935 1158 984 1208 est;
1002 1167 1042 1197 nec
1061 1168 1087 1199 cs
1099 1167 1150 1213 qm

230 1218 260 1259 13
277 1214 345 1276 (Non
356 1215 415 1258 enim
427 1213 464 1273 qui
480 1210 571 1258 audiunt
587 1212 660 1274 legem
691 1222 723 1260 est
735 1215 757 1258 in
769 1214 884 1276 propatulo
892 1217 1041 1269 circumcisio,
1050 1217 1122 1272 idest,
1130 1219 1152 1264 in

195 1279 247 1324 'usti
259 1285 312 1323 sunt
322 1278 379 1338 apud
387 1277 479 1332 Deum3
497 1275 578 1337 sedqui
587 1277 660 1338 legem
692 1293 764 1331 carne,
776 1279 912 1323 circumcisio
923 1283 971 1324 est:

196 1349 313 1403 praecinui,
321 1341 506 1402 justificabuntur.
725 1346 755 1388 29
774 1342 817 1387 Sed
828 1343 865 1401 qui
877 1343 899 1387 in
910 1342 997 1388 occuito
1008 1340 1106 1390 Judaeus
1114 1351 1152 1399 est.

230 1409 260 1450 14
277 1405 337 1450 Nam
349 1420 416 1465 quum
428 1411 507 1464 gentes
517 1419 573 1465 quae
587 1403 661 1464 legem
692 1413 714 1450 et
725 1406 861 1451 circumcisio
873 1406 950 1459 cordis,
960 1408 984 1452 id
992 1415 1031 1460 est,
1040 1407 1062 1452 in
1069 1408 1152 1468 spiritu,

196 1483 241 1514 nou
253 1470 339 1522 habeut,
351 1466 429 1514 naturd
440 1483 495 1528 quae
506 1468 562 1528 legis
569 1475 620 1512 eunt
627 1467 660 1512 fa·
692 1483 736 1514 non
748 1468 825 1514 literis
844 1471 906 1530 cujus
917 1472 1003 1517 Judnei
1013 1470 1112 1518 lausuon
1121 1481 1152 1518 est

195 1534 260 1586 ciant,
278 1533 313 1578 isti
330 1532 402 1594 legem
419 1547 464 1576 non
481 1532 592 1586 babentes,
610 1531 660 1577 sibi·
690 1547 719 1577 ex
730 1534 859 1588 bominibus,
871 1535 910 1579 sed
920 1530 949 1580 εἰ(
961 1533 1020 1580 Deo.

196 1597 248 1657 ipsis
260 1604 312 1642 sunt
322 1596 372 1641 lex:

230 1663 259 1706 15
279 1659 312 1705 Ut
331 1661 366 1720 qui
387 1659 504 1704 ostendant
526 1674 581 1718 opus
602 1657 659 1719 legis
851 1659 924 1708 CAP.
944 1659 991 1706 ΙΙΙ.

195 1725 301 1784 scriptum
313 1725 334 1768 in
351 1724 452 1769 cordibus
467 1723 518 1776 suis,
537 1719 580 1768 uni
596 1723 658 1766 testi·
753 1724 824 1770 ΗΔΕ
835 1733 868 1770 est
877 1726 944 1784 igitur
960 1726 1093 1785 praestantia
1107 1724 1148 1774 Ju-

196 1788 296 1832 monium
309 1788 412 1834 reddente
428 1786 525 1846 ipsorum
543 1786 658 1830 conscien·
778 1787 841 1832 daei?
857 1797 958 1847 autqnac
967 1789 1047 1833 utilitas
1056 1789 1144 1834 circum·

195 1849 232 1904 ut,
249 1859 272 1896 et
283 1851 452 1912 cogitationibus
463 1865 511 1895 sese
527 1847 604 1894 mutud
620 1864 658 1895 ac·
689 1850 797 1896 cisionis?

195 1917 327 1968 cessantibus,
339 1915 450 1960 autetiam
462 1914 616 1958 excusantibus
626 1910 647 1971 r)
721 1918 736 1958 2
754 1913 829 1958 Multa
838 1929 877 1974 per
888 1929 975 1958 omnem
985 1914 1090 1972 modumg
1107 1917 1151 1976 pri·

230 1983 259 2025 16
277 1977 305 2024 In
316 1980 350 2024 dic
366 1994 411 2038 quo
423 1978 529 2038 judicabit
546 1976 659 2022 Dominus
689 1978 781 2022 marium
793 1978 851 2023 enim
863 1979 921 2023 illud
931 1985 969 2031 est,
981 1975 1039 2038 qudd
1056 1979 1087 2024 eis
1103 1994 1143 2024 cre

196 2043 224 2088 de
242 2043 333 2088 occultis
355 2043 476 2094 hominurn,
496 2055 524 2086 ex
542 2040 658 2102 evangelio
689 2041 734 2087 dita
744 2048 796 2087 sunt
806 2042 891 2099 eloquia
903 2042 955 2087 Dei.

196 2121 253 2158 meo,
265 2121 303 2166 per
314 2106 393 2154 Jesum
407 2103 528 2152 Christum.
721 2109 737 2150 5
762 2100 824 2156 Quid
848 2105 908 2148 enim
935 2105 952 2152 si
984 2104 1043 2150 infidi
1061 2105 1148 2153 suerunt

230 2173 258 2217 17
270 2169 362 2231 illicce,
370 2176 395 2214 tu
404 2167 566 2229 cognominaris
575 2166 658 2214 Judac·
688 2169 795 2228 quidam?
812 2184 865 2214 num
880 2167 977 2229 ipsorum
994 2169 1109 2218 infidelitas
1123 2169 1151 2215 ii·

197 2249 229 2288 us,
240 2240 266 2279 et
274 2233 393 2294 acquiescis
408 2233 431 2277 in
448 2233 505 2293 lege,
520 2237 542 2276 et
558 2231 658 2292 gloriaris
689 2232 739 2277 dem
751 2232 797 2276 Dei
807 2233 894 2278 inanem
906 2232 998 2277 reddet?

197 2297 220 2342 iu
232 2297 290 2342 Deo.
721 2299 737 2339 4
755 2295 835 2340 Absit:
860 2293 905 2340 imd
924 2305 972 2340 esto
992 2295 1057 2340 Deus
1074 2310 1148 2350 verax,

230 2365 259 2407 18
277 2361 308 2406 Et
319 2359 430 2420 ndstirjns
438 2359 659 2411 voluntatemetex·
689 2359 761 2404 omnis
779 2365 851 2404 sutem
870 2359 937 2403 bomo
959 2358 1069 2402 mendax:
1094 2359 1149 2406 sicut

197 2423 269 2486 ploras
280 2439 335 2486 quae
351 2425 482 2484 discrepant,
499 2423 613 2467 institutus
630 2437 659 2467 ex
689 2425 843 2483 scriptumest,
857 2421 890 2466 Ut
896 2420 1022 2482 justificeris
1033 2421 1056 2466 in
1065 2436 1148 2467 senno·

197 2488 263 2550 iege5
689 2487 752 2531 nibus
761 2485 810 2539 iuis,
819 2493 842 2530 et
851 2485 926 2530 vincas
933 2485 1019 2548 quando
1029 2491 1052 2529 tu
1055 2485 1148 2546 judicas.

231 2557 259 2599 19
278 2550 420 2612 Confidisque
432 2558 454 2596 te
462 2551 539 2596 ducem
549 2565 597 2595 esse
608 2565 657 2596 cae.-
721 2553 735 2596 5
749 2549 816 2602 Quod
825 2551 841 2594 si
850 2549 955 2610 injustitie
966 2556 1040 2594 nostra
1049 2548 1094 2594 Dei
1100 2551 1149 2610 jus-

196 2631 278 2670 corum,
290 2617 361 2662 lucem
373 2629 450 2661 eorum
460 2615 496 2674 qui
507 2621 559 2659 suist
567 2614 657 2658 intene-
688 2613 757 2658 titiam
785 2613 930 2665 commendat,
958 2613 1010 2672 quid
1036 2613 1148 2658 dicemuss

197 2681 245 2734 bris,
688 2693 741 2723 uum
758 2677 851 2737 injustus
869 2677 933 2722 Deus
949 2678 985 2737 qui
1002 2677 1081 2723 inferat
1096 2693 1148 2738 poe·

229 2748 260 2789 20
277 2743 420 2788 Eruditorem
437 2742 591 2802 inspirantium,
609 2755 656 2785 rne-
688 2739 759 2786 nam?
776 2743 883 2804 (bumino
895 2757 956 2787 more
967 2739 1064 2802 loquor.)

195 2807 288 2870 gistrum
305 2807 429 2857 infantium,
448 2803 507 2866 qudd
526 2806 604 2850 habeas
622 2805 656 2849 in·
720 2811 735 2851 6
753 2806 832 2852 Absit:
852 2806 946 2866 aitoquin
958 2806 1068 2866 quomodo
1080 2805 1149 2867 judex

197 2871 349 2917 formationem
366 2870 500 2932 cognitionis
516 2883 541 2915 ac
560 2869 658 2914 veritatis
688 2869 729 2915 erit
742 2869 806 2915 Deus
817 2870 911 2914 mundi?

195 2935 219 2980 In
229 2935 287 2996 iege.
721 2936 734 2979 7
753 2933 843 2978 Etenim
856 2933 873 2976 si
886 2933 965 2977 veritas
976 2931 1019 2976 Dei
1029 2946 1067 2990 per
1075 2945 1149 2976 nreuur

228 3001 256 3044 21
277 2998 322 3052 Qui
331 2998 399 3059 igitur
407 2997 473 3042 doces
482 2996 554 3049 aliurn,
564 2996 657 3056 teipsum
688 2997 826 3041 mendacium
838 2995 966 3040 redundavit
978 2994 1104 3052 ingloriam
1116 2995 1148 3054 ip·

195 3075 241 3108 tou
252 3062 335 3108 doces?
352 3062 389 3122 qui
397 3061 508 3122 praedicas
520 3074 564 3104 non
580 3060 657 3104 iuran-
689 3060 740 3112 sius,
752 3075 791 3104 cur
802 3058 894 3118 amplius
905 3071 948 3116 ego
954 3064 979 3100 ut
986 3063 1088 3116 peccator
1095 3071 1147 3102 corr·

196 3127 225 3172 du
232 3141 254 3179 n,
265 3125 364 3171 titteris?
689 3120 800 3167 demnor?

228 3193 260 3235 22
282 3190 328 3242 Qui
347 3188 402 3235 dicis
423 3201 468 3233 non
489 3185 656 3240 moechandum,
722 3189 736 3229 8
754 3185 789 3230 Ac
800 3197 845 3229 non
856 3183 924 3244 (sicut
935 3181 962 3227 de
973 3181 1035 3227 nobis
1046 3176 1104 3228 maid
1115 3181 1148 3228 io-

195 3253 334 3299 *roecbarisi
351 3253 387 3312 qui
399 3251 530 3297 abominaris
540 3249 604 3303 idolo,
622 3264 657 3294 sa·
688 3255 790 3308 quuntur‚
799 3254 822 3292 et
833 3247 889 3292 sicut
900 3245 987 3305 quidam
996 3245 1057 3290 aiunt
1068 3261 1109 3291 nos
1115 3246 1148 3292 di·

202 3317 308 3378 :rilegium
320 3315 435 3362 admittis?
688 3309 750 3371 cere)
762 3311 866 3356 iaciamus
877 3310 935 3356 mnia
945 3316 970 3355 ut
980 3307 1148 3358 veniantbonsi

228 3385 260 3425 25
277 3381 323 3434 Qui
335 3381 363 3425 de
373 3380 423 3440 lege
433 3377 540 3440 glorieris,
552 3391 591 3438 per
601 3375 658 3436 legis
688 3390 786 3436 quorum
793 3375 969 3435 damnatiojusta
980 3381 1021 3418 est.

196 3445 393 3505 transgressionem
407 3442 482 3488 Deum
494 3439 630 3486 dedecoras?
720 3445 735 3486 9
752 3439 812 3492 Quid
819 3438 901 3498 igitur?
911 3432 1077 3498 praecellimus?
1088 3435 1148 3484 Nut-

228 3512 260 3552 24
277 3507 337 3553 Nam
350 3507 396 3552 Dei
414 3521 494 3552 nomen
511 3510 600 3566 propter
618 3517 655 3549 vos
687 3503 802 3549 iomodo:
822 3497 935 3547 namantd
949 3500 1056 3545 criminati
1073 3516 1148 3550 sumus
1194 3545 1198 3553 ,

196 3570 356 3632 blasphematur
367 3573 420 3616 inter
431 3567 518 3631 gentesss
525 3567 656 3627 sicutscrip·
686 3573 709 3612 et
720 3565 736 3613 J
737 3567 817 3612 udoeos
828 3573 850 3611 et
863 3567 961 3610 Graecos
970 3578 1047 3610 omnes
1055 3580 1103 3610 esse
1110 3581 1136 3612 su

198 3641 243 3680 tum
254 3643 295 3680 est.
687 3637 791 3692 peccato:

228 3701 258 3745 25
276 3697 336 3744 Nam
347 3695 484 3742 circumcisio
500 3689 589 3754 quiddm
603 3707 656 3753 pro·
722 3696 751 3738 10
768 3693 830 3738 Sicut
837 3691 940 3750 scriptum
950 3699 989 3744 cst,
999 3689 1051 3738 Non
1060 3700 1090 3739 est
1103 3707 1139 3738 uu

197 3765 250 3814 dest.
270 3763 287 3807 ri
307 3762 379 3822 legem
398 3759 538 3819 exsequarisr
560 3754 620 3818 qudd
638 3755 655 3803 si
688 3763 730 3813 tus,
742 3755 950 3816 neuuusquidcrsr
