2756 4320
617 410 730 468 Acus,
753 411 824 460 XXI.

244 519 492 579 titionibuaqusemihi
503 516 706 565 eveneruntinJu·
767 519 800 561 33
816 508 947 577 Argentum¹
959 517 994 563 vel
1006 527 1138 565 aummsut
1148 533 1200 568 res.

245 583 457 632 tantumtanturn:
736 587 780 625 tem
792 579 872 626 nullius
883 582 1006 641 concupivi.

277 651 309 692 20
326 646 360 692 Ut
376 646 430 690 nihil
446 643 613 704 subterfugerim
628 658 705 688 eorum
767 647 800 688 54
817 641 867 688 Imd
878 645 917 704 ipsi
932 643 1007 698 ndstis,
1025 645 1099 690 usibus
1111 646 1167 691 meis
1177 653 1199 694 et

245 725 300 770 quae
310 710 369 755 vodis
379 709 533 755 conducerent,
550 707 668 767 quominus
679 722 705 751 eo
736 707 762 750 iis
772 707 808 766 qui
820 722 907 752 mecum
923 717 980 760 sunt,
997 723 1075 753 :nanus
1092 709 1145 755 istas
1156 725 1200 756 uu·

245 775 306 819 vobis
324 773 487 824 annunciarem,
505 778 527 816 et
545 771 646 816 docerem
666 785 707 815 vos
736 769 848 815 nimrisse.

246 833 330 898 publice*
340 843 363 881 et
372 836 493 890 dommim:
768 832 845 880 35:111
857 834 957 878 omnibus
968 834 1053 878 ostendi
1061 834 1124 880 vobis
1132 851 1200 896 opor·

278 903 306 944 21
325 900 400 945 Etiam
420 907 485 958 atque
503 898 569 943 etiam
588 895 706 943 testificans
737 903 783 942 tere
794 896 825 942 sic
836 897 953 942 laborando
968 897 1082 943 sublevare
1092 897 1200 955 infirmos

246 963 335 1012 Judaeis
352 963 453 1009 simulet
471 962 563 1008 Graecis
579 961 706 1006 conversio·
736 966 759 1004 et
770 961 895 1005 meminisse
902 962 1018 1006 verborum
1030 960 1124 1007 Domini
1136 961 1201 1017 Jesu,

246 1043 296 1074 nem
307 1028 335 1073 ad
347 1027 430 1079 Deum,
441 1033 464 1072 et
480 1025 545 1070 iidem
562 1039 618 1085 quae
633 1031 668 1069 est
683 1025 706 1070 in
736 1023 808 1082 ipsum
828 1025 931 1070 uidelicet
947 1025 1034 1078 dixisse,
1052 1023 1148 1072 Beatum
1165 1034 1199 1072 est

248 1091 371 1137 Dominum
385 1099 486 1135 nostrum
497 1089 575 1136 ,lesum
585 1086 706 1135 Christum.
737 1087 788 1132 dare
798 1084 871 1147 potitis
882 1083 947 1146 qnam
959 1088 1063 1148 accipere.

279 1158 310 1199 22
327 1154 359 1200 Et
370 1169 429 1200 nunc
439 1168 548 1213 ecce,ego
559 1153 646 1197 vinctus
656 1152 706 1211 Spi·
769 1154 801 1196 36
818 1150 850 1196 Et
867 1167 935 1210 quum
952 1151 1005 1196 haec
1023 1151 1119 1204 dixisset,
1140 1155 1201 1212 posi·

247 1220 290 1263 ritu
303 1217 430 1278 proficiscor
442 1216 629 1275 Hierosolymam,
641 1215 706 1276 igno-
737 1214 765 1258 tis
776 1215 869 1274 genibus
880 1215 931 1269 suis,
943 1221 1014 1260 oravit
1029 1230 1080 1260 cnm
1096 1216 1139 1260 illis
1149 1232 1199 1261 onr-

247 1297 297 1326 rans
305 1297 361 1341 quae
372 1283 394 1326 in
406 1278 432 1326 eti
442 1279 495 1324 milii
506 1285 637 1324 occurrent:
738 1277 807 1322 nibus.

280 1349 311 1389 25
329 1344 378 1389 Nisi
390 1341 449 1403 quod
458 1343 552 1403 Spiritus
562 1343 655 1387 Sanctus
666 1357 706 1401 op·
769 1345 800 1386 57
818 1340 919 1402 Magnus
929 1347 1002 1386 autem
1018 1341 1083 1388 fletus
1100 1358 1202 1390 omnuim

248 1408 336 1467 pidatim
348 1407 412 1452 etiam
424 1413 489 1464 atque
500 1406 565 1451 etiam
573 1405 707 1458 testificatur,
738 1410 858 1460 natusest:
875 1412 898 1450 et
909 1412 997 1450 ruentes
1008 1406 1030 1451 in
1042 1406 1122 1452 collum
1136 1406 1202 1453 Pauli

247 1471 327 1524 dicens,
340 1469 428 1515 vincula
438 1477 461 1514 et
471 1468 599 1513 afflictiones
610 1482 647 1514 me
658 1483 704 1514 ma·
738 1463 918 1513 dedsculabantnr
929 1483 980 1513 eum
990 1485 997 1523 ;

247 1549 305 1580 nere.
769 1535 801 1576 58
819 1529 917 1578 Cruciati
930 1528 1027 1578 maxitnc
1038 1533 1066 1577 ob
1075 1548 1202 1578 sermonem

279 1601 310 1641 24
328 1596 371 1642 Sed
382 1595 462 1642 nullius
474 1596 504 1640 rei
513 1595 582 1640 habeo
593 1595 707 1649 rationem,
737 1609 802 1654 quem
814 1595 905 1648 dixerat,
916 1595 976 1655 ipsos
986 1611 1031 1640 non
1048 1611 1096 1642 esse
1107 1594 1203 1656 amplius

247 1675 318 1720 neque
328 1661 374 1706 vita
384 1675 434 1705 mea
444 1659 496 1704 mihi
513 1659 554 1718 ipsi
570 1673 621 1704 cara
631 1666 670 1711 est,
684 1666 708 1704 ut
737 1657 815 1703 faeiem
829 1659 876 1719 ejus
892 1670 1062 1718 conspecturos:
1082 1667 1104 1705 et
1115 1660 1202 1706 dedux-

248 1739 351 1786 persgam
362 1738 450 1768 cursum
466 1738 540 1768 meum
557 1735 607 1767 cnm
619 1723 707 1783 gaudio,
737 1728 802 1767 erunt
813 1737 864 1767 etim
875 1723 903 1768 ad
914 1723 994 1768 navim.

248 1796 269 1835 et
280 1789 424 1834 ministerium
435 1787 494 1846 quod
509 1786 580 1846 accepi
597 1800 611 1831 a
626 1785 707 1830 Domi-

248 1867 277 1898 no
289 1851 387 1906 Jesu,ad
398 1851 557 1896 testificandum
568 1849 707 1910 evangelium
886 1847 960 1896 CAP.
983 1848 1056 1895 XXI.

248 1917 331 1977 gratiae
344 1915 396 1962 Dei.
805 1911 910 1958 Tautem
922 1914 1019 1974 provecti
1037 1928 1118 1967 sumus,
1131 1915 1202 1961 avulsi

281 1983 312 2026 25
330 1979 361 2025 Et
369 1994 426 2024 nunc
434 1993 491 2030 ecce,
501 1993 544 2037 ego
553 1977 598 2022 scio
607 1991 652 2022 non
661 1991 708 2021 am·
820 1977 892 2029 abeis,
901 1984 960 2022 recto
970 1991 1034 2022 eursu
1043 1977 1144 2022 venimus
1152 1975 1202 2024 Co·

249 2040 304 2102 plids
323 2043 408 2087 visuros
424 2041 502 2086 faciem
517 2056 589 2085 meam
608 2041 664 2084 ullos
680 2055 708 2085 ex
740 2054 783 2092 um,
795 2046 817 2084 et
828 2041 927 2100 sequenti
938 2039 973 2086 die
984 2038 1095 2095 Rhodum,
1108 2047 1131 2086 et
1141 2041 1202 2088 illinc

249 2105 310 2150 vobis
321 2105 427 2156 omnibus,
436 2119 475 2163 per
481 2118 537 2162 quos
545 2103 635 2148 transivi
644 2118 707 2164 prae·
741 2101 834 2148 Patara:
846 2131 849 2138 »

248 2167 321 2214 dicans
333 2182 426 2226 regnum
439 2165 491 2212 Dei.
771 2170 786 2210 2
803 2166 835 2210 Et
843 2167 900 2212 nacti
919 2182 998 2212 navem
1016 2163 1158 2228 trajicientem
1177 2168 1202 2214 in

280 2235 311 2277 95
328 2229 382 2276 Ideo
394 2237 463 2276 testor
474 2229 535 2275 vobis
549 2229 655 2276 hodierno
666 2231 707 2284 die,
741 2228 874 2298 Phoenicen,
883 2227 909 2276 ed
919 2227 1044 2284 conscensi,
1054 2231 1153 2291 provecti
1161 2247 1201 2278 su-

248 2309 284 2340 me
294 2310 373 2355 purum
385 2310 433 2340 esse
443 2310 457 2340 a
467 2294 574 2354 sanguine
585 2295 692 2340 omnium.
739 2308 794 2338 mus.

281 2363 310 2405 27
329 2359 382 2404 Non
392 2359 450 2404 enim
462 2357 583 2418 subterfugi
592 2358 709 2417 quominus
771 2361 787 2401 3
804 2356 880 2410 Quum
892 2368 965 2403 autem
972 2357 1079 2418 coepisset
1090 2357 1154 2403 nobis
1161 2373 1200 2420 ap·

249 2423 403 2468 annunciarem
421 2423 482 2469 vobis
498 2437 564 2468 omne
577 2421 622 2467 Dei
635 2423 708 2467 consi·
739 2435 815 2480 parere
828 2418 924 2480 Cyprus,
941 2428 963 2466 et
979 2437 1027 2466 eam
1043 2421 1070 2466 ad
1089 2421 1193 2468 sinistran

249 2487 308 2531 lium.
740 2483 907 2543 reliquissemus,
933 2485 1085 2546 navigavimus
1108 2485 1130 2530 in
1156 2485 1201 2544 Sy·

280 2554 311 2595 28
328 2549 443 2594 Attendite
452 2549 518 2609 igitur
525 2549 628 2594 animum
635 2549 709 2594 vobis·
740 2548 800 2598 riam,
812 2556 835 2594 et
845 2548 930 2593 devecti
947 2562 1023 2594 sumus
1036 2549 1137 2608 Tyrum:
1157 2549 1202 2595 illic

248 2613 306 2670 ipsis.
318 2620 340 2656 et
352 2613 391 2656 toti
403 2613 473 2671 gregi,
482 2613 503 2656 in
512 2627 555 2671 quo
563 2627 604 2658 vos
616 2612 709 2671 Spiritus
740 2612 798 2656 enim
810 2612 873 2656 navis
883 2620 930 2658 erat
946 2627 1010 2657 suum
1019 2627 1075 2657 onus
1085 2613 1201 2672 expositu·

250 2676 343 2720 Sanctus
357 2676 470 2719 constituit
484 2675 604 2734 episcopos,
616 2675 643 2720 ad
658 2691 708 2734 pas·
740 2690 771 2719 ra

249 2737 340 2782 cendam
351 2737 464 2784 ecclesiam
480 2737 531 2788 Dei,
543 2752 609 2796 quam
620 2753 661 2782 suo
673 2738 709 2784 illo
772 2741 788 2782 4
806 2737 970 2784 Permansimus
981 2745 1053 2784 autem
1065 2738 1144 2784 ibidem
1155 2739 1203 2786 dies

249 2800 355 2860 sangiune
366 2799 487 2858 aequisivit
741 2811 830 2860 septem,
840 2803 935 2848 inventis
942 2803 1051 2863 discipulis
1061 2819 1068 2857 ς
1080 2803 1117 2862 qui
1130 2801 1203 2848 Paulo

281 2867 312 2909 29
328 2862 381 2923 Ego
392 2862 450 2907 enim
462 2862 515 2907 illud
523 2863 575 2916 scio,
585 2863 649 2924 lupos
656 2880 710 2925 gra·
740 2865 839 2910 dicebant
849 2881 890 2926 per
906 2866 1018 2926 Spiritum,
1035 2881 1063 2912 ne
1074 2867 1203 2912 ascenderet

252 2941 294 2980 ses,
306 2942 350 2972 non
363 2934 476 2986 parcentes
489 2927 559 2987 gregi,
571 2927 710 2988 ingressuros
740 2928 763 2974 in
776 2927 963 2989 Hierosolymam.

250 3006 298 3037 esse
308 2992 331 3036 in
343 3003 384 3036 vos
395 2999 445 3051 post
455 2991 575 3036 discessum
586 3006 672 3052 meum.¹
773 2993 788 3038 5
805 2992 849 3037 Sed
860 2993 953 3052 peractis
961 2993 1003 3038 illis
1012 2993 1093 3046 diebus,
1102 2993 1203 3047 abiimus,

281 3060 314 3101 50
330 3056 362 3101 Et
373 3070 401 3100 ex
410 3056 472 3102 vobis
481 3055 533 3116 ipsis
541 3056 664 3102 exorituros
672 3055 710 3115 qui
739 3055 842 3100 omnibus
859 3055 1014 3102 deducentibus
1029 3071 1076 3109 nos,
1094 3071 1145 3102 eum
1159 3071 1203 3102 ux·

250 3119 367 3179 loquantur
377 3135 485 3180 perversa,
498 3127 522 3165 ut
533 3119 650 3181 discipulos
660 3126 711 3181 post
741 3120 815 3164 oribus
825 3125 848 3164 et
858 3118 937 3172 liberis,
951 3127 1015 3166 extra
1030 3121 1105 3165 urbem
1116 3133 1201 3180 usque:

252 3199 274 3229 se
285 3185 417 3229 abstrahant.
740 3190 764 3228 et
781 3183 858 3242 positis
875 3179 968 3243 genibus
986 3183 1009 3228 in
1026 3183 1106 3236 littore,
1121 3182 1205 3245 precati

268 3251 310 3292 -51
330 3246 384 3294 Ideo
397 3247 492 3307 vigilate,
505 3262 613 3292 memores
626 3263 661 3292 me
672 3261 711 3306 per
742 3261 824 3291 sumus.

251 3311 367 3356 triennium
385 3319 450 3355 noete
464 3319 487 3356 et
503 3311 537 3355 die
554 3325 599 3356 non
613 3307 711 3356 cessisse
774 3315 789 3354 6
807 3309 838 3355 Et
850 3309 885 3354 alii
896 3309 951 3354 alios
967 3309 1082 3369 complexi,
1094 3323 1203 3355 conscen-

251 3389 300 3420 cnm
312 3374 414 3432 lacrymis
426 3389 515 3418 monere
526 3387 711 3432 unumquemque.
742 3373 813 3418 dimus
824 3374 914 3418 navim:
932 3372 963 3417 illi
975 3381 1047 3418 sutem
1059 3375 1141 3418 reversi
1152 3378 1205 3420 sust

281 3441 313 3482 32
330 3437 362 3481 Et
373 3451 431 3481 nunc
442 3451 535 3496 quoque,
552 3436 636 3488 iratres,
649 3451 711 3480 corn·
742 3437 832 3480 domum
844 3451 913 3482 suain.

252 3501 331 3545 mendo
340 3515 380 3545 vos
393 3499 444 3545 Deo
453 3507 476 3545 et
482 3499 577 3545 sermoni
586 3500 670 3559 gratiae
678 3500 711 3560 ip·
775 3501 789 3545 7
807 3498 857 3544 Nos
872 3497 925 3544 verd
944 3499 1085 3560 navigatione
1100 3497 1205 3559 perfecti,

251 3563 312 3618 sius;
329 3563 365 3622 qui
374 3561 465 3622 quidem
475 3565 541 3610 Deus
548 3569 620 3623 potest
630 3577 667 3608 uos
674 3577 712 3608 su·
742 3563 882 3622 pervenimus
893 3562 956 3622 Tyro
969 3563 1122 3616 Ptolemaida:
1139 3571 1161 3608 et
1169 3578 1205 3610 sa·

251 3632 380 3684 perstruere,
391 3633 414 3671 et
424 3627 475 3673 dare
486 3627 548 3673 vobis
564 3627 624 3686 quod
634 3627 711 3671 haere·
741 3625 815 3672 lutatis
821 3626 929 3680 iratribus,
939 3626 1059 3672 mansimus
1067 3625 1126 3672 diem
1134 3640 1204 3674 imum

251 3687 382 3746 duusjure
391 3691 518 3748 posndeatis
526 3705 577 3736 cum
589 3688 710 3736 sanctifica·
742 3690 798 3750 apud
809 3705 855 3734 eos.

252 3749 398 3796 canonibus.
444 3810 491 3852 m
774 3755 789 3796 8
808 3751 916 3798 Postridie
929 3748 981 3798 verd
992 3751 1075 3813 egressi
1092 3747 1203 3804 Paulum
