<?xml version="1.0" encoding="UTF-8"?>
<!DOCTYPE html PUBLIC "-//W3C//DTD XHTML 1.0 Transitional//EN"
    "http://www.w3.org/TR/xhtml1/DTD/xhtml1-transitional.dtd">
<html xmlns="http://www.w3.org/1999/xhtml" xml:lang="en" lang="en">
 <head>
  <title>
</title>
<meta http-equiv="Content-Type" content="text/html;charset=utf-8" />
  <meta name='ocr-system' content='tesseract 3.04.00' />
  <meta name='ocr-capabilities' content='ocr_page ocr_carea ocr_par ocr_line ocrx_word'/>
</head>
<body>
  <div class='ocr_page' id='page_1' title='image "./novumtestamentu03unkngoog_0084.png"; bbox 0 0 2734 4314; ppageno 0'>
   <div class='ocr_carea' id='block_1_1' title="bbox 581 428 793 486">
    <p class='ocr_par' dir='ltr' id='par_1_1' title="bbox 581 428 793 486">
     <span class='ocr_line' id='line_1_1' title="bbox 581 428 793 486; baseline -0.019 -6"><span class='ocrx_word' id='word_1_1' title='bbox 581 429 697 486; x_wconf 82' lang='lat' dir='ltr'>LUCA,</span> <span class='ocrx_word' id='word_1_2' title='bbox 720 428 793 477; x_wconf 91' lang='lat' dir='ltr'>VIII.</span> 
     </span>
    </p>
   </div>
   <div class='ocr_carea' id='block_1_2' title="bbox 162 531 1170 1740">
    <p class='ocr_par' dir='ltr' id='par_1_2' title="bbox 162 531 1170 1740">
     <span class='ocr_line' id='line_1_2' title="bbox 209 531 1020 602; baseline -0.006 -15"><span class='ocrx_word' id='word_1_3' title='bbox 209 541 258 587; x_wconf 82' lang='lat' dir='ltr'>mbo</span> <span class='ocrx_word' id='word_1_4' title='bbox 285 547 401 602; x_wconf 77' lang='lat' dir='ltr'>pesestrrx,</span> <span class='ocrx_word' id='word_1_5' title='bbox 431 555 500 600; x_wconf 87' lang='lat' dir='ltr'>quum</span> <span class='ocrx_word' id='word_1_6' title='bbox 526 541 671 601; x_wconf 74' lang='lat' dir='ltr'>cognovisset</span> <span class='ocrx_word' id='word_1_7' title='bbox 847 531 921 586; x_wconf 82' lang='lat' dir='ltr'>CAP.</span> <span class='ocrx_word' id='word_1_8' title='bbox 945 535 1020 583; x_wconf 87' lang='lat' dir='ltr'>VIII.</span> 
     </span>
     <span class='ocr_line' id='line_1_3' title="bbox 206 601 1164 664; baseline -0.003 -14"><span class='ocrx_word' id='word_1_9' title='bbox 206 619 256 650; x_wconf 79' lang='lat' dir='ltr'>eum</span> <span class='ocrx_word' id='word_1_10' title='bbox 276 603 410 650; x_wconf 80' lang='lat' dir='ltr'>dIsoubuIsse</span> <span class='ocrx_word' id='word_1_11' title='bbox 426 603 449 650; x_wconf 90' lang='lat' dir='ltr'>in</span> <span class='ocrx_word' id='word_1_12' title='bbox 466 605 532 650; x_wconf 88' lang='lat' dir='ltr'>domo</span> <span class='ocrx_word' id='word_1_13' title='bbox 550 603 669 657; x_wconf 80' lang='lat' dir='ltr'>Pharisaei,</span> <span class='ocrx_word' id='word_1_14' title='bbox 756 601 779 649; x_wconf 88' lang='lat' dir='ltr'>T</span> <span class='ocrx_word' id='word_1_15' title='bbox 810 601 894 649; x_wconf 75' lang='lat' dir='ltr'>foetum</span> <span class='ocrx_word' id='word_1_16' title='bbox 921 608 955 648; x_wconf 88' lang='lat' dir='ltr'>est</span> <span class='ocrx_word' id='word_1_17' title='bbox 977 602 1091 664; x_wconf 83' lang='lat' dir='ltr'>deinceps,</span> <span class='ocrx_word' id='word_1_18' title='bbox 1119 601 1164 662; x_wconf 75' lang='lat' dir='ltr'>ipss</span> 
     </span>
     <span class='ocr_line' id='line_1_4' title="bbox 206 665 1165 728; baseline -0.003 -13"><span class='ocrx_word' id='word_1_19' title='bbox 206 668 271 715; x_wconf 74' lang='lat' dir='ltr'>tlluto</span> <span class='ocrx_word' id='word_1_20' title='bbox 283 667 390 714; x_wconf 78' lang='lat' dir='ltr'>alabastro</span> <span class='ocrx_word' id='word_1_21' title='bbox 402 669 516 728; x_wconf 79' lang='lat' dir='ltr'>unguenti,</span> <span class='ocrx_word' id='word_1_22' title='bbox 772 666 814 712; x_wconf 84' lang='lat' dir='ltr'>iter</span> <span class='ocrx_word' id='word_1_23' title='bbox 823 665 918 712; x_wconf 77' lang='lat' dir='ltr'><strong>faciebat</strong></span> <span class='ocrx_word' id='word_1_24' title='bbox 931 665 1050 726; x_wconf 80' lang='lat' dir='ltr'>oppidatim</span> <span class='ocrx_word' id='word_1_25' title='bbox 1066 672 1090 713; x_wconf 88' lang='lat' dir='ltr'>et</span> <span class='ocrx_word' id='word_1_26' title='bbox 1104 667 1165 712; x_wconf 76' lang='lat' dir='ltr'>ulca·</span> 
     </span>
     <span class='ocr_line' id='line_1_5' title="bbox 238 729 1155 792; baseline -0.001 -15"><span class='ocrx_word' id='word_1_27' title='bbox 238 735 269 778; x_wconf 89' lang='grc'>58</span> <span class='ocrx_word' id='word_1_28' title='bbox 287 729 320 777; x_wconf 84' lang='lat' dir='ltr'>Et</span> <span class='ocrx_word' id='word_1_29' title='bbox 331 739 391 777; x_wconf 77' lang='lat' dir='ltr'>stans</span> <span class='ocrx_word' id='word_1_30' title='bbox 402 732 459 792; x_wconf 86' lang='lat' dir='ltr'>upud</span> <span class='ocrx_word' id='word_1_31' title='bbox 470 731 536 792; x_wconf 80' lang='lat' dir='ltr'>pedes</span> <span class='ocrx_word' id='word_1_32' title='bbox 546 731 594 792; x_wconf 85' lang='lat' dir='ltr'>ejus</span> <span class='ocrx_word' id='word_1_33' title='bbox 604 738 669 783; x_wconf 89' lang='lat' dir='ltr'>retro,</span> <span class='ocrx_word' id='word_1_34' title='bbox 699 731 738 775; x_wconf 91' lang='lat' dir='ltr'>tim</span> <span class='ocrx_word' id='word_1_35' title='bbox 756 731 884 791; x_wconf 83' lang='lat' dir='ltr'>preedieens</span> <span class='ocrx_word' id='word_1_36' title='bbox 900 737 923 776; x_wconf 83' lang='lat' dir='ltr'>st</span> <span class='ocrx_word' id='word_1_37' title='bbox 939 730 1097 790; x_wconf 77' lang='lat' dir='ltr'>evangelizans</span> <span class='ocrx_word' id='word_1_38' title='bbox 1114 746 1155 791; x_wconf 77' lang='lat' dir='ltr'>reg</span> 
     </span>
     <span class='ocr_line' id='line_1_6' title="bbox 207 792 1166 856; baseline -0.003 -14"><span class='ocrx_word' id='word_1_39' title='bbox 207 794 263 842; x_wconf 88' lang='lat' dir='ltr'>tiens</span> <span class='ocrx_word' id='word_1_40' title='bbox 284 795 357 856; x_wconf 83' lang='lat' dir='ltr'>coepit</span> <span class='ocrx_word' id='word_1_41' title='bbox 379 794 481 854; x_wconf 81' lang='lat' dir='ltr'>lucrymis</span> <span class='ocrx_word' id='word_1_42' title='bbox 504 809 576 856; x_wconf 83' lang='lat' dir='ltr'>ngare</span> <span class='ocrx_word' id='word_1_43' title='bbox 603 794 670 855; x_wconf 86' lang='lat' dir='ltr'>pedes</span> <span class='ocrx_word' id='word_1_44' title='bbox 699 808 753 840; x_wconf 90' lang='lat' dir='ltr'>num</span> <span class='ocrx_word' id='word_1_45' title='bbox 774 792 833 840; x_wconf 84' lang='lat' dir='ltr'>Dei:</span> <span class='ocrx_word' id='word_1_46' title='bbox 853 794 968 840; x_wconf 87' lang='lat' dir='ltr'><strong>duodecim</strong></span> <span class='ocrx_word' id='word_1_47' title='bbox 986 793 1016 838; x_wconf 88' lang='lat' dir='ltr'>illi</span> <span class='ocrx_word' id='word_1_48' title='bbox 1033 802 1099 841; x_wconf 75' lang='lat' dir='ltr'>eram</span> <span class='ocrx_word' id='word_1_49' title='bbox 1116 809 1166 839; x_wconf 77' lang='lat' dir='ltr'>curu</span> 
     </span>
     <span class='ocr_line' id='line_1_7' title="bbox 206 857 740 920; baseline -0.002 -16"><span class='ocrx_word' id='word_1_50' title='bbox 206 861 260 920; x_wconf 85' lang='lat' dir='ltr'>ejus,</span> <span class='ocrx_word' id='word_1_51' title='bbox 277 869 300 904; x_wconf 83' lang='lat' dir='ltr'>et</span> <span class='ocrx_word' id='word_1_52' title='bbox 311 859 393 918; x_wconf 74' lang='lat' dir='ltr'>nuptilIs</span> <span class='ocrx_word' id='word_1_53' title='bbox 404 858 480 919; x_wconf 78' lang='lat' dir='ltr'>capitis</span> <span class='ocrx_word' id='word_1_54' title='bbox 491 857 524 903; x_wconf 92' lang='lat' dir='ltr'>sui</span> <span class='ocrx_word' id='word_1_55' title='bbox 535 857 670 919; x_wconf 79' lang='lat' dir='ltr'>extergebat,</span> <span class='ocrx_word' id='word_1_56' title='bbox 699 873 726 903; x_wconf 91' lang='lat' dir='ltr'>eo</span> <span class='ocrx_word' id='word_1_57' title='bbox 732 874 740 913; x_wconf 90' lang='lat'>;</span> 
     </span>
     <span class='ocr_line' id='line_1_8' title="bbox 206 919 1167 984; baseline -0.001 -16"><span class='ocrx_word' id='word_1_58' title='bbox 206 934 229 968; x_wconf 89' lang='lat' dir='ltr'>et</span> <span class='ocrx_word' id='word_1_59' title='bbox 248 922 414 967; x_wconf 68' lang='lat' dir='ltr'>deosculabatur</span> <span class='ocrx_word' id='word_1_60' title='bbox 432 922 499 984; x_wconf 83' lang='lat' dir='ltr'>pedes</span> <span class='ocrx_word' id='word_1_61' title='bbox 515 923 568 984; x_wconf 86' lang='lat' dir='ltr'>ejus,</span> <span class='ocrx_word' id='word_1_62' title='bbox 591 929 613 968; x_wconf 87' lang='lat' dir='ltr'>et</span> <span class='ocrx_word' id='word_1_63' title='bbox 628 936 670 968; x_wconf 91' lang='lat' dir='ltr'>un·</span> <span class='ocrx_word' id='word_1_64' title='bbox 732 925 747 966; x_wconf 79' lang='lat'><strong>2</strong></span> <span class='ocrx_word' id='word_1_65' title='bbox 764 919 797 966; x_wconf 84' lang='lat' dir='ltr'>Et</span> <span class='ocrx_word' id='word_1_66' title='bbox 807 920 914 982; x_wconf 74' lang='lat' dir='ltr'>quaedum</span> <span class='ocrx_word' id='word_1_67' title='bbox 925 920 1027 966; x_wconf 88' lang='lat' dir='ltr'>mulieres</span> <span class='ocrx_word' id='word_1_68' title='bbox 1038 936 1092 982; x_wconf 83' lang='lat' dir='ltr'>quas</span> <span class='ocrx_word' id='word_1_69' title='bbox 1104 937 1167 967; x_wconf 83' lang='lat' dir='ltr'>sanu-</span> 
     </span>
     <span class='ocr_line' id='line_1_9' title="bbox 208 985 1167 1048; baseline -0.001 -18"><span class='ocrx_word' id='word_1_70' title='bbox 208 995 292 1048; x_wconf 80' lang='lat' dir='ltr'>guento</span> <span class='ocrx_word' id='word_1_71' title='bbox 304 986 407 1046; x_wconf 81' lang='lat' dir='ltr'>ungebat.</span> <span class='ocrx_word' id='word_1_72' title='bbox 701 992 794 1031; x_wconf 82' lang='lat' dir='ltr'>verule</span> <span class='ocrx_word' id='word_1_73' title='bbox 815 985 926 1046; x_wconf 87' lang='lat' dir='ltr'>spiritibus</span> <span class='ocrx_word' id='word_1_74' title='bbox 950 985 1014 1030; x_wconf 80' lang='lat' dir='ltr'>malis</span> <span class='ocrx_word' id='word_1_75' title='bbox 1035 992 1059 1031; x_wconf 86' lang='lat' dir='ltr'>et</span> <span class='ocrx_word' id='word_1_76' title='bbox 1079 986 1167 1036; x_wconf 80' lang='lat' dir='ltr'>morbis.</span> 
     </span>
     <span class='ocr_line' id='line_1_10' title="bbox 240 1047 1167 1109; baseline -0.002 -14"><span class='ocrx_word' id='word_1_77' title='bbox 240 1054 272 1097; x_wconf 83' lang='grc'>59</span> <span class='ocrx_word' id='word_1_78' title='bbox 290 1049 365 1102; x_wconf 88' lang='lat' dir='ltr'>Quum</span> <span class='ocrx_word' id='word_1_79' title='bbox 377 1055 451 1096; x_wconf 86' lang='lat' dir='ltr'>autem</span> <span class='ocrx_word' id='word_1_80' title='bbox 462 1048 485 1094; x_wconf 91' lang='lat' dir='ltr'>id</span> <span class='ocrx_word' id='word_1_81' title='bbox 495 1047 585 1096; x_wconf 88' lang='lat' dir='ltr'>vidisset</span> <span class='ocrx_word' id='word_1_82' title='bbox 594 1047 671 1094; x_wconf 84' lang='lat' dir='ltr'>Phori-</span> <span class='ocrx_word' id='word_1_83' title='bbox 703 1048 777 1094; x_wconf 81' lang='lat' dir='ltr'>Maris</span> <span class='ocrx_word' id='word_1_84' title='bbox 787 1064 844 1109; x_wconf 84' lang='lat' dir='ltr'>quae</span> <span class='ocrx_word' id='word_1_85' title='bbox 854 1050 973 1097; x_wconf 82' lang='lat' dir='ltr'>vocabatur</span> <span class='ocrx_word' id='word_1_86' title='bbox 985 1047 1127 1109; x_wconf 70' lang='lat' dir='ltr'>magdalene,</span> <span class='ocrx_word' id='word_1_87' title='bbox 1139 1063 1167 1094; x_wconf 83' lang='lat' dir='ltr'>er.</span> 
     </span>
     <span class='ocr_line' id='line_1_11' title="bbox 209 1109 1083 1174; baseline -0.001 -15"><span class='ocrx_word' id='word_1_88' title='bbox 209 1127 272 1162; x_wconf 79' lang='lat' dir='ltr'>satus</span> <span class='ocrx_word' id='word_1_89' title='bbox 283 1114 319 1173; x_wconf 91' lang='lat' dir='ltr'>qui</span> <span class='ocrx_word' id='word_1_90' title='bbox 337 1121 455 1159; x_wconf 76' lang='lat' dir='ltr'>vocaverat</span> <span class='ocrx_word' id='word_1_91' title='bbox 470 1129 528 1168; x_wconf 87' lang='lat' dir='ltr'>eum,</span> <span class='ocrx_word' id='word_1_92' title='bbox 545 1113 601 1159; x_wconf 81' lang='lat' dir='ltr'>dixit</span> <span class='ocrx_word' id='word_1_93' title='bbox 617 1112 674 1173; x_wconf 84' lang='lat' dir='ltr'>spud</span> <span class='ocrx_word' id='word_1_94' title='bbox 701 1109 745 1173; x_wconf 78' lang='lat' dir='ltr'>qui</span> <span class='ocrx_word' id='word_1_95' title='bbox 757 1120 840 1174; x_wconf 83' lang='lat' dir='ltr'>septem</span> <span class='ocrx_word' id='word_1_96' title='bbox 852 1111 1083 1166; x_wconf 78' lang='lat' dir='ltr'>daemonisexiersnt,</span> 
     </span>
     <span class='ocr_line' id='line_1_12' title="bbox 210 1174 1168 1238; baseline -0.003 -14"><span class='ocrx_word' id='word_1_97' title='bbox 210 1191 239 1230; x_wconf 82' lang='lat' dir='ltr'>te,</span> <span class='ocrx_word' id='word_1_98' title='bbox 264 1176 317 1231; x_wconf 79' lang='lat' dir='ltr'>llic,</span> <span class='ocrx_word' id='word_1_99' title='bbox 340 1177 358 1223; x_wconf 91' lang='lat' dir='ltr'>si</span> <span class='ocrx_word' id='word_1_100' title='bbox 379 1185 439 1223; x_wconf 87' lang='lat' dir='ltr'>esset</span> <span class='ocrx_word' id='word_1_101' title='bbox 459 1177 572 1238; x_wconf 77' lang='lat' dir='ltr'>propheto,</span> <span class='ocrx_word' id='word_1_102' title='bbox 599 1174 674 1222; x_wconf 82' lang='lat' dir='ltr'>ndsset</span> <span class='ocrx_word' id='word_1_103' title='bbox 734 1174 1168 1237; x_wconf 70' lang='lat' dir='ltr'>dEtJoanneuxoeruzueprocuru·</span> 
     </span>
     <span class='ocr_line' id='line_1_13' title="bbox 209 1238 1169 1302; baseline -0.001 -16"><span class='ocrx_word' id='word_1_104' title='bbox 209 1255 265 1301; x_wconf 78' lang='lat' dir='ltr'>quse</span> <span class='ocrx_word' id='word_1_105' title='bbox 276 1250 298 1287; x_wconf 92' lang='lat' dir='ltr'>et</span> <span class='ocrx_word' id='word_1_106' title='bbox 309 1241 379 1302; x_wconf 80' lang='lat' dir='ltr'>qualis</span> <span class='ocrx_word' id='word_1_107' title='bbox 390 1240 545 1287; x_wconf 82' lang='lat' dir='ltr'>siteemulier</span> <span class='ocrx_word' id='word_1_108' title='bbox 555 1255 611 1300; x_wconf 76' lang='lat' dir='ltr'>quse</span> <span class='ocrx_word' id='word_1_109' title='bbox 624 1247 674 1285; x_wconf 86' lang='lat' dir='ltr'>ten·</span> <span class='ocrx_word' id='word_1_110' title='bbox 704 1239 758 1286; x_wconf 88' lang='lat' dir='ltr'>toris</span> <span class='ocrx_word' id='word_1_111' title='bbox 780 1239 886 1294; x_wconf 89' lang='lat' dir='ltr'>Herodis,</span> <span class='ocrx_word' id='word_1_112' title='bbox 908 1247 931 1286; x_wconf 88' lang='lat' dir='ltr'>et</span> <span class='ocrx_word' id='word_1_113' title='bbox 951 1239 1058 1294; x_wconf 71' lang='lat' dir='ltr'>Susanna,</span> <span class='ocrx_word' id='word_1_114' title='bbox 1075 1247 1098 1285; x_wconf 89' lang='lat' dir='ltr'>et</span> <span class='ocrx_word' id='word_1_115' title='bbox 1114 1238 1169 1286; x_wconf 74' lang='lat' dir='ltr'>urae</span> 
     </span>
     <span class='ocr_line' id='line_1_14' title="bbox 209 1301 1169 1366; baseline 0.001 -17"><span class='ocrx_word' id='word_1_116' title='bbox 209 1305 243 1366; x_wconf 72' lang='lat' dir='ltr'>git</span> <span class='ocrx_word' id='word_1_117' title='bbox 260 1304 338 1366; x_wconf 87' lang='lat' dir='ltr'>ipsum,</span> <span class='ocrx_word' id='word_1_118' title='bbox 356 1301 416 1366; x_wconf 67' lang='lat' dir='ltr'>quid</span> <span class='ocrx_word' id='word_1_119' title='bbox 434 1305 537 1352; x_wconf 80' lang='lat' dir='ltr'>uidelt&#39;oet</span> <span class='ocrx_word' id='word_1_120' title='bbox 555 1305 583 1350; x_wconf 90' lang='lat' dir='ltr'>sit</span> <span class='ocrx_word' id='word_1_121' title='bbox 596 1319 673 1365; x_wconf 83' lang='lat' dir='ltr'>pecca·</span> <span class='ocrx_word' id='word_1_122' title='bbox 703 1304 786 1350; x_wconf 76' lang='lat' dir='ltr'>multae</span> <span class='ocrx_word' id='word_1_123' title='bbox 807 1319 864 1364; x_wconf 82' lang='lat' dir='ltr'>quse</span> <span class='ocrx_word' id='word_1_124' title='bbox 885 1303 1037 1350; x_wconf 75' lang='lat' dir='ltr'><strong>ministrabant</strong></span> <span class='ocrx_word' id='word_1_125' title='bbox 1058 1303 1078 1349; x_wconf 88' lang='lat' dir='ltr'>ei</span> <span class='ocrx_word' id='word_1_126' title='bbox 1098 1318 1127 1349; x_wconf 86' lang='lat' dir='ltr'>ex</span> <span class='ocrx_word' id='word_1_127' title='bbox 1143 1303 1169 1350; x_wconf 86' lang='lat' dir='ltr'>rit</span> 
     </span>
     <span class='ocr_line' id='line_1_15' title="bbox 211 1367 971 1428; baseline -0.003 -14"><span class='ocrx_word' id='word_1_128' title='bbox 211 1377 261 1414; x_wconf 77' lang='lat' dir='ltr'>trix.</span> <span class='ocrx_word' id='word_1_129' title='bbox 704 1383 760 1428; x_wconf 77' lang='lat' dir='ltr'>quse</span> <span class='ocrx_word' id='word_1_130' title='bbox 771 1367 810 1413; x_wconf 85' lang='lat' dir='ltr'>sibi</span> <span class='ocrx_word' id='word_1_131' title='bbox 822 1367 971 1428; x_wconf 69' lang='lat' dir='ltr'>suppetebant.</span> 
     </span>
     <span class='ocr_line' id='line_1_16' title="bbox 241 1429 1168 1493; baseline -0.002 -15"><span class='ocrx_word' id='word_1_132' title='bbox 241 1435 274 1478; x_wconf 78' lang='lat'>⁴0</span> <span class='ocrx_word' id='word_1_133' title='bbox 289 1431 356 1477; x_wconf 85' lang='lat' dir='ltr'>Tune</span> <span class='ocrx_word' id='word_1_134' title='bbox 366 1429 576 1493; x_wconf 83' lang='lat' dir='ltr'>respondensJesus</span> <span class='ocrx_word' id='word_1_135' title='bbox 585 1429 674 1482; x_wconf 84' lang='lat' dir='ltr'>dixiteI,</span> <span class='ocrx_word' id='word_1_136' title='bbox 736 1435 752 1476; x_wconf 88' lang='grc'><strong>4</strong></span> <span class='ocrx_word' id='word_1_137' title='bbox 769 1431 846 1485; x_wconf 81' lang='lat' dir='ltr'>Quum</span> <span class='ocrx_word' id='word_1_138' title='bbox 855 1441 928 1478; x_wconf 82' lang='lat' dir='ltr'>eutem</span> <span class='ocrx_word' id='word_1_139' title='bbox 938 1430 1168 1477; x_wconf 65' lang='lat' dir='ltr'>multaturbscouvo</span> 
     </span>
     <span class='ocr_line' id='line_1_17' title="bbox 212 1493 1169 1556; baseline 0 -15"><span class='ocrx_word' id='word_1_140' title='bbox 212 1493 296 1549; x_wconf 85' lang='lat' dir='ltr'>Simon,</span> <span class='ocrx_word' id='word_1_141' title='bbox 311 1495 380 1541; x_wconf 84' lang='lat' dir='ltr'>habeo</span> <span class='ocrx_word' id='word_1_142' title='bbox 391 1495 494 1556; x_wconf 74' lang='lat' dir='ltr'>quiddam</span> <span class='ocrx_word' id='word_1_143' title='bbox 511 1495 570 1556; x_wconf 81' lang='lat' dir='ltr'>quod</span> <span class='ocrx_word' id='word_1_144' title='bbox 587 1495 623 1540; x_wconf 89' lang='lat' dir='ltr'>tibi</span> <span class='ocrx_word' id='word_1_145' title='bbox 641 1493 674 1540; x_wconf 84' lang='lat' dir='ltr'>dt·</span> <span class='ocrx_word' id='word_1_146' title='bbox 704 1495 767 1548; x_wconf 88' lang='lat' dir='ltr'>niret,</span> <span class='ocrx_word' id='word_1_147' title='bbox 779 1502 801 1541; x_wconf 89' lang='lat' dir='ltr'>et</span> <span class='ocrx_word' id='word_1_148' title='bbox 813 1495 849 1555; x_wconf 90' lang='lat' dir='ltr'>qui</span> <span class='ocrx_word' id='word_1_149' title='bbox 861 1495 883 1539; x_wconf 93' lang='lat' dir='ltr'>in</span> <span class='ocrx_word' id='word_1_150' title='bbox 896 1494 988 1556; x_wconf 84' lang='lat' dir='ltr'>singulis</span> <span class='ocrx_word' id='word_1_151' title='bbox 1004 1493 1091 1540; x_wconf 75' lang='lat' dir='ltr'>urbibus</span> <span class='ocrx_word' id='word_1_152' title='bbox 1107 1502 1169 1541; x_wconf 87' lang='lat' dir='ltr'>erant</span> 
     </span>
     <span class='ocr_line' id='line_1_18' title="bbox 211 1557 1170 1621; baseline 0 -17"><span class='ocrx_word' id='word_1_153' title='bbox 211 1574 266 1604; x_wconf 39' lang='lat' dir='ltr'>uam,</span> <span class='ocrx_word' id='word_1_154' title='bbox 301 1558 334 1604; x_wconf 83' lang='lat' dir='ltr'>At</span> <span class='ocrx_word' id='word_1_155' title='bbox 343 1559 379 1605; x_wconf 77' lang='lat' dir='ltr'>ille</span> <span class='ocrx_word' id='word_1_156' title='bbox 387 1560 424 1612; x_wconf 83' lang='lat' dir='ltr'>nit,</span> <span class='ocrx_word' id='word_1_157' title='bbox 437 1557 555 1621; x_wconf 79' lang='lat' dir='ltr'>Magister,</span> <span class='ocrx_word' id='word_1_158' title='bbox 567 1558 609 1604; x_wconf 87' lang='lat' dir='ltr'>die.</span> <span class='ocrx_word' id='word_1_159' title='bbox 703 1557 894 1619; x_wconf 81' lang='lat' dir='ltr'>proficiscerentur</span> <span class='ocrx_word' id='word_1_160' title='bbox 906 1560 933 1605; x_wconf 80' lang='lat' dir='ltr'>ad</span> <span class='ocrx_word' id='word_1_161' title='bbox 944 1574 1002 1614; x_wconf 84' lang='lat' dir='ltr'>eum,</span> <span class='ocrx_word' id='word_1_162' title='bbox 1015 1559 1070 1604; x_wconf 84' lang='lat' dir='ltr'>dixit</span> <span class='ocrx_word' id='word_1_163' title='bbox 1080 1574 1119 1620; x_wconf 78' lang='lat' dir='ltr'>per</span> <span class='ocrx_word' id='word_1_164' title='bbox 1130 1575 1170 1621; x_wconf 82' lang='lat' dir='ltr'>pn·</span> 
     </span>
     <span class='ocr_line' id='line_1_19' title="bbox 242 1621 813 1684; baseline 0.002 -17"><span class='ocrx_word' id='word_1_165' title='bbox 242 1626 272 1668; x_wconf 84' lang='grc'>41</span> <span class='ocrx_word' id='word_1_166' title='bbox 291 1621 347 1668; x_wconf 93' lang='lat' dir='ltr'>Duo</span> <span class='ocrx_word' id='word_1_167' title='bbox 369 1622 484 1676; x_wconf 75' lang='lat' dir='ltr'>debitores,</span> <span class='ocrx_word' id='word_1_168' title='bbox 506 1623 583 1684; x_wconf 79' lang='lat' dir='ltr'>inquit</span> <span class='ocrx_word' id='word_1_169' title='bbox 601 1623 674 1676; x_wconf 62' lang='lat' dir='ltr'>usus,</span> <span class='ocrx_word' id='word_1_170' title='bbox 704 1622 813 1668; x_wconf 78' lang='lat' dir='ltr'>rabolsmz</span> 
     </span>
     <span class='ocr_line' id='line_1_20' title="bbox 162 1685 1170 1740; baseline -0.001 -8"><span class='ocrx_word' id='word_1_171' title='bbox 162 1695 164 1706; x_wconf 78' lang='grc'>’</span> <span class='ocrx_word' id='word_1_172' title='bbox 210 1693 274 1734; x_wconf 79' lang='lat' dir='ltr'>erunt</span> <span class='ocrx_word' id='word_1_173' title='bbox 289 1687 375 1733; x_wconf 83' lang='lat' dir='ltr'>culdsm</span> <span class='ocrx_word' id='word_1_174' title='bbox 392 1686 510 1733; x_wconf 81' lang='lat' dir='ltr'>creditori:</span> <span class='ocrx_word' id='word_1_175' title='bbox 535 1701 592 1732; x_wconf 89' lang='lat' dir='ltr'>unus</span> <span class='ocrx_word' id='word_1_176' title='bbox 609 1686 674 1732; x_wconf 83' lang='lat' dir='ltr'>debe-</span> <span class='ocrx_word' id='word_1_177' title='bbox 737 1690 758 1735; x_wconf 68' lang='lat'>5,</span> <span class='ocrx_word' id='word_1_178' title='bbox 770 1685 867 1740; x_wconf 77' lang='lat' dir='ltr'>Quidum</span> <span class='ocrx_word' id='word_1_179' title='bbox 879 1697 939 1732; x_wconf 81' lang='lat' dir='ltr'>sotor</span> <span class='ocrx_word' id='word_1_180' title='bbox 949 1686 1003 1732; x_wconf 88' lang='lat' dir='ltr'>exiit</span> <span class='ocrx_word' id='word_1_181' title='bbox 1012 1694 1036 1731; x_wconf 91' lang='lat' dir='ltr'>ut</span> <span class='ocrx_word' id='word_1_182' title='bbox 1044 1693 1170 1732; x_wconf 85' lang='lat' dir='ltr'>sereretse·</span> 
     </span>
    </p>
   </div>
   <div class='ocr_carea' id='block_1_3' title="bbox 137 1745 1171 1812">
    <p class='ocr_par' dir='ltr' id='par_1_3' title="bbox 137 1745 1171 1812">
     <span class='ocr_line' id='line_1_21' title="bbox 137 1745 1171 1812; baseline 0 -16"><span class='ocrx_word' id='word_1_183' title='bbox 137 1774 142 1785; x_wconf 59' lang='grc' dir='ltr'><em>ι</em></span> <span class='ocrx_word' id='word_1_184' title='bbox 210 1750 248 1796; x_wconf 84' lang='lat' dir='ltr'>bet</span> <span class='ocrx_word' id='word_1_185' title='bbox 266 1749 366 1796; x_wconf 81' lang='lat' dir='ltr'>denarios</span> <span class='ocrx_word' id='word_1_186' title='bbox 383 1751 523 1812; x_wconf 73' lang='lat' dir='ltr'>quingentos,</span> <span class='ocrx_word' id='word_1_187' title='bbox 545 1749 600 1796; x_wconf 83' lang='lat' dir='ltr'>alter</span> <span class='ocrx_word' id='word_1_188' title='bbox 622 1745 675 1796; x_wconf 80' lang='lat' dir='ltr'>verti</span> <span class='ocrx_word' id='word_1_189' title='bbox 705 1765 756 1796; x_wconf 69' lang='lat' dir='ltr'>rnen</span> <span class='ocrx_word' id='word_1_190' title='bbox 771 1765 848 1796; x_wconf 85' lang='lat' dir='ltr'>suum:</span> <span class='ocrx_word' id='word_1_191' title='bbox 868 1757 891 1796; x_wconf 90' lang='lat' dir='ltr'>et</span> <span class='ocrx_word' id='word_1_192' title='bbox 906 1750 964 1797; x_wconf 85' lang='lat' dir='ltr'>luter</span> <span class='ocrx_word' id='word_1_193' title='bbox 980 1751 1096 1796; x_wconf 89' lang='lat' dir='ltr'>serendum</span> <span class='ocrx_word' id='word_1_194' title='bbox 1112 1749 1171 1796; x_wconf 83' lang='lat' dir='ltr'>uliud</span> 
     </span>
    </p>
   </div>
   <div class='ocr_carea' id='block_1_4' title="bbox 208 1811 1219 3791">
    <p class='ocr_par' dir='ltr' id='par_1_4' title="bbox 209 1811 1170 1877">
     <span class='ocr_line' id='line_1_22' title="bbox 209 1811 1170 1877; baseline -0.002 -15"><span class='ocrx_word' id='word_1_195' title='bbox 209 1815 377 1877; x_wconf 65' lang='lat' dir='ltr'>quinquaginta.</span> <span class='ocrx_word' id='word_1_196' title='bbox 705 1813 783 1860; x_wconf 86' lang='lat' dir='ltr'>cecidit</span> <span class='ocrx_word' id='word_1_197' title='bbox 794 1811 915 1860; x_wconf 84' lang='lat' dir='ltr'>seeundtlm</span> <span class='ocrx_word' id='word_1_198' title='bbox 933 1814 997 1867; x_wconf 81' lang='lat' dir='ltr'>viam,</span> <span class='ocrx_word' id='word_1_199' title='bbox 1014 1821 1037 1859; x_wconf 90' lang='lat' dir='ltr'>et</span> <span class='ocrx_word' id='word_1_200' title='bbox 1053 1814 1170 1860; x_wconf 77' lang='lat' dir='ltr'>conculce-</span> 
     </span>
    </p>

    <p class='ocr_par' dir='ltr' id='par_1_5' title="bbox 208 1875 1173 2136">
     <span class='ocr_line' id='line_1_23' title="bbox 242 1875 1171 1933; baseline -0.002 -7"><span class='ocrx_word' id='word_1_201' title='bbox 242 1885 275 1926; x_wconf 79' lang='lat'>42</span> <span class='ocrx_word' id='word_1_202' title='bbox 292 1881 450 1932; x_wconf 77' lang='lat' dir='ltr'>ttuumautem</span> <span class='ocrx_word' id='word_1_203' title='bbox 457 1877 487 1924; x_wconf 88' lang='lat' dir='ltr'>illl</span> <span class='ocrx_word' id='word_1_204' title='bbox 495 1893 539 1925; x_wconf 89' lang='lat' dir='ltr'>uon</span> <span class='ocrx_word' id='word_1_205' title='bbox 549 1876 674 1924; x_wconf 85' lang='lat' dir='ltr'>essentsol-</span> <span class='ocrx_word' id='word_1_206' title='bbox 706 1884 753 1922; x_wconf 90' lang='lat' dir='ltr'>tum</span> <span class='ocrx_word' id='word_1_207' title='bbox 764 1883 805 1933; x_wconf 88' lang='lat' dir='ltr'>est,</span> <span class='ocrx_word' id='word_1_208' title='bbox 820 1886 843 1924; x_wconf 90' lang='lat' dir='ltr'>et</span> <span class='ocrx_word' id='word_1_209' title='bbox 859 1877 961 1924; x_wconf 82' lang='lat' dir='ltr'>volueres</span> <span class='ocrx_word' id='word_1_210' title='bbox 972 1877 1026 1923; x_wconf 86' lang='lat' dir='ltr'>coeli</span> <span class='ocrx_word' id='word_1_211' title='bbox 1038 1875 1171 1924; x_wconf 80' lang='lat' dir='ltr'>derorirunt</span> 
     </span>
     <span class='ocr_line' id='line_1_24' title="bbox 208 1940 775 2004; baseline -0.009 -13"><span class='ocrx_word' id='word_1_212' title='bbox 208 1941 475 2004; x_wconf 81' lang='lat' dir='ltr'>vendo,grutilicetusest</span> <span class='ocrx_word' id='word_1_213' title='bbox 483 1941 588 2002; x_wconf 86' lang='lat' dir='ltr'>utrisque.</span> <span class='ocrx_word' id='word_1_214' title='bbox 622 1940 675 1987; x_wconf 90' lang='lat' dir='ltr'>Ho-</span> <span class='ocrx_word' id='word_1_215' title='bbox 706 1941 775 1987; x_wconf 84' lang='lat' dir='ltr'>iilud:</span> 
     </span>
     <span class='ocr_line' id='line_1_25' title="bbox 209 2002 1172 2068; baseline -0.004 -13"><span class='ocrx_word' id='word_1_216' title='bbox 209 2025 260 2057; x_wconf 86' lang='lat' dir='ltr'>rum</span> <span class='ocrx_word' id='word_1_217' title='bbox 278 2007 354 2068; x_wconf 80' lang='lat' dir='ltr'>igitur,</span> <span class='ocrx_word' id='word_1_218' title='bbox 376 2005 418 2060; x_wconf 86' lang='lat' dir='ltr'>die,</span> <span class='ocrx_word' id='word_1_219' title='bbox 441 2013 490 2052; x_wconf 86' lang='lat' dir='ltr'>uter</span> <span class='ocrx_word' id='word_1_220' title='bbox 506 2020 557 2052; x_wconf 86' lang='lat' dir='ltr'>eum</span> <span class='ocrx_word' id='word_1_221' title='bbox 575 2002 624 2066; x_wconf 86' lang='lat' dir='ltr'>pltls</span> <span class='ocrx_word' id='word_1_222' title='bbox 642 2005 675 2050; x_wconf 91' lang='lat' dir='ltr'>di·</span> <span class='ocrx_word' id='word_1_223' title='bbox 739 2010 754 2052; x_wconf 88' lang='lat'>6</span> <span class='ocrx_word' id='word_1_224' title='bbox 773 2003 806 2051; x_wconf 84' lang='lat' dir='ltr'>Et</span> <span class='ocrx_word' id='word_1_225' title='bbox 824 2005 883 2050; x_wconf 82' lang='lat' dir='ltr'>uliud</span> <span class='ocrx_word' id='word_1_226' title='bbox 902 2005 981 2050; x_wconf 81' lang='lat' dir='ltr'>cecidit</span> <span class='ocrx_word' id='word_1_227' title='bbox 997 2005 1019 2050; x_wconf 91' lang='lat' dir='ltr'>in</span> <span class='ocrx_word' id='word_1_228' title='bbox 1035 2011 1124 2066; x_wconf 80' lang='lat' dir='ltr'>petras3</span> <span class='ocrx_word' id='word_1_229' title='bbox 1148 2015 1172 2051; x_wconf 86' lang='lat' dir='ltr'>et</span> 
     </span>
     <span class='ocr_line' id='line_1_26' title="bbox 208 2069 1173 2136; baseline -0.002 -18"><span class='ocrx_word' id='word_1_230' title='bbox 208 2071 282 2136; x_wconf 78' lang='lat' dir='ltr'>liget?</span> <span class='ocrx_word' id='word_1_231' title='bbox 706 2075 796 2115; x_wconf 85' lang='lat' dir='ltr'>emtum</span> <span class='ocrx_word' id='word_1_232' title='bbox 821 2069 914 2124; x_wconf 75' lang='lat' dir='ltr'>exaruit,</span> <span class='ocrx_word' id='word_1_233' title='bbox 941 2069 993 2130; x_wconf 76' lang='lat' dir='ltr'>quit</span> <span class='ocrx_word' id='word_1_234' title='bbox 1014 2084 1058 2115; x_wconf 91' lang='lat' dir='ltr'>non</span> <span class='ocrx_word' id='word_1_235' title='bbox 1081 2069 1173 2116; x_wconf 82' lang='lat' dir='ltr'>linbebnt</span> 
     </span>
    </p>

    <p class='ocr_par' dir='ltr' id='par_1_6' title="bbox 210 2129 1172 2324">
     <span class='ocr_line' id='line_1_27' title="bbox 244 2129 838 2194; baseline 0.002 -17"><span class='ocrx_word' id='word_1_236' title='bbox 244 2141 277 2184; x_wconf 76' lang='grc'>45</span> <span class='ocrx_word' id='word_1_237' title='bbox 294 2133 440 2194; x_wconf 87' lang='lat' dir='ltr'>liespondens</span> <span class='ocrx_word' id='word_1_238' title='bbox 451 2129 504 2178; x_wconf 85' lang='lat' dir='ltr'>verd</span> <span class='ocrx_word' id='word_1_239' title='bbox 520 2132 597 2179; x_wconf 88' lang='lat' dir='ltr'>Simon</span> <span class='ocrx_word' id='word_1_240' title='bbox 614 2131 675 2186; x_wconf 87' lang='lat' dir='ltr'>dlxit.</span> <span class='ocrx_word' id='word_1_241' title='bbox 707 2133 838 2179; x_wconf 84' lang='lat' dir='ltr'>humorem:</span> 
     </span>
     <span class='ocr_line' id='line_1_28' title="bbox 210 2195 1172 2258; baseline 0.002 -17"><span class='ocrx_word' id='word_1_242' title='bbox 210 2195 241 2249; x_wconf 82' lang='lat' dir='ltr'>lt,</span> <span class='ocrx_word' id='word_1_243' title='bbox 252 2195 362 2252; x_wconf 74' lang='lat' dir='ltr'>existimo,</span> <span class='ocrx_word' id='word_1_244' title='bbox 379 2198 414 2242; x_wconf 88' lang='lat' dir='ltr'>cui</span> <span class='ocrx_word' id='word_1_245' title='bbox 429 2197 478 2258; x_wconf 90' lang='lat' dir='ltr'>plus</span> <span class='ocrx_word' id='word_1_246' title='bbox 489 2195 625 2258; x_wconf 75' lang='lat' dir='ltr'>gratificatus</span> <span class='ocrx_word' id='word_1_247' title='bbox 635 2203 677 2243; x_wconf 86' lang='lat' dir='ltr'>est.</span> <span class='ocrx_word' id='word_1_248' title='bbox 740 2197 755 2243; x_wconf 85' lang='lat' dir='ltr'>&#39;l</span> <span class='ocrx_word' id='word_1_249' title='bbox 772 2195 805 2242; x_wconf 88' lang='lat' dir='ltr'>Et</span> <span class='ocrx_word' id='word_1_250' title='bbox 815 2196 874 2242; x_wconf 86' lang='lat' dir='ltr'>aliud</span> <span class='ocrx_word' id='word_1_251' title='bbox 885 2197 963 2243; x_wconf 84' lang='lat' dir='ltr'>cecidit</span> <span class='ocrx_word' id='word_1_252' title='bbox 974 2196 1031 2242; x_wconf 88' lang='lat' dir='ltr'>inter</span> <span class='ocrx_word' id='word_1_253' title='bbox 1042 2196 1130 2257; x_wconf 81' lang='lat' dir='ltr'>spinss3</span> <span class='ocrx_word' id='word_1_254' title='bbox 1150 2207 1172 2243; x_wconf 91' lang='lat' dir='ltr'>et</span> 
     </span>
     <span class='ocr_line' id='line_1_29' title="bbox 212 2256 1172 2324; baseline 0.002 -20"><span class='ocrx_word' id='word_1_255' title='bbox 212 2259 246 2305; x_wconf 82' lang='lat' dir='ltr'>At</span> <span class='ocrx_word' id='word_1_256' title='bbox 256 2261 292 2308; x_wconf 90' lang='lat' dir='ltr'>ille</span> <span class='ocrx_word' id='word_1_257' title='bbox 303 2261 359 2307; x_wconf 82' lang='lat' dir='ltr'>deit</span> <span class='ocrx_word' id='word_1_258' title='bbox 368 2261 395 2316; x_wconf 83' lang='lat' dir='ltr'>el,</span> <span class='ocrx_word' id='word_1_259' title='bbox 408 2256 598 2324; x_wconf 69' lang='lat' dir='ltr'>RecteJ&#39;udioisti.</span> <span class='ocrx_word' id='word_1_260' title='bbox 707 2259 773 2306; x_wconf 84' lang='lat' dir='ltr'>simul</span> <span class='ocrx_word' id='word_1_261' title='bbox 791 2268 869 2307; x_wconf 71' lang='lat' dir='ltr'>enatae</span> <span class='ocrx_word' id='word_1_262' title='bbox 891 2261 967 2323; x_wconf 85' lang='lat' dir='ltr'>spinae</span> <span class='ocrx_word' id='word_1_263' title='bbox 987 2258 1123 2307; x_wconf 74' lang='lat' dir='ltr'>suffoctirurrt</span> <span class='ocrx_word' id='word_1_264' title='bbox 1145 2261 1172 2306; x_wconf 89' lang='lat' dir='ltr'>il·</span> 
     </span>
    </p>

    <p class='ocr_par' dir='ltr' id='par_1_7' title="bbox 244 2324 756 2372">
     <span class='ocr_line' id='line_1_30' title="bbox 244 2324 756 2372; baseline 0 -2"><span class='ocrx_word' id='word_1_265' title='bbox 244 2329 276 2370; x_wconf 82' lang='lat'>44</span> <span class='ocrx_word' id='word_1_266' title='bbox 293 2324 325 2372; x_wconf 87' lang='lat' dir='ltr'>Et</span> <span class='ocrx_word' id='word_1_267' title='bbox 333 2324 612 2372; x_wconf 85' lang='lat' dir='ltr'>eonversussdmulierem</span> <span class='ocrx_word' id='word_1_268' title='bbox 623 2324 678 2371; x_wconf 81' lang='lat' dir='ltr'>dixit</span> <span class='ocrx_word' id='word_1_269' title='bbox 708 2325 756 2371; x_wconf 88' lang='lat' dir='ltr'>lud:</span> 
     </span>
    </p>

    <p class='ocr_par' dir='ltr' id='par_1_8' title="bbox 212 2387 1173 2705">
     <span class='ocr_line' id='line_1_31' title="bbox 213 2387 1172 2444; baseline -0.002 -8"><span class='ocrx_word' id='word_1_270' title='bbox 213 2389 305 2444; x_wconf 88' lang='lat' dir='ltr'>Simoni,</span> <span class='ocrx_word' id='word_1_271' title='bbox 328 2389 398 2437; x_wconf 84' lang='lat' dir='ltr'>Vides</span> <span class='ocrx_word' id='word_1_272' title='bbox 414 2390 471 2436; x_wconf 82' lang='lat' dir='ltr'>beno</span> <span class='ocrx_word' id='word_1_273' title='bbox 487 2388 621 2436; x_wconf 79' lang='lat' dir='ltr'>mulierem?</span> <span class='ocrx_word' id='word_1_274' title='bbox 642 2389 677 2434; x_wconf 91' lang='lat' dir='ltr'>in·</span> <span class='ocrx_word' id='word_1_275' title='bbox 740 2393 755 2434; x_wconf 88' lang='lat'><strong>8</strong></span> <span class='ocrx_word' id='word_1_276' title='bbox 773 2387 804 2435; x_wconf 86' lang='lat' dir='ltr'>Et</span> <span class='ocrx_word' id='word_1_277' title='bbox 823 2389 882 2435; x_wconf 85' lang='lat' dir='ltr'>aliud</span> <span class='ocrx_word' id='word_1_278' title='bbox 901 2389 979 2435; x_wconf 83' lang='lat' dir='ltr'>cecidit</span> <span class='ocrx_word' id='word_1_279' title='bbox 995 2388 1018 2435; x_wconf 90' lang='lat' dir='ltr'>in</span> <span class='ocrx_word' id='word_1_280' title='bbox 1035 2396 1115 2435; x_wconf 81' lang='lat' dir='ltr'>terrum</span> <span class='ocrx_word' id='word_1_281' title='bbox 1131 2389 1172 2434; x_wconf 90' lang='lat' dir='ltr'>bo-</span> 
     </span>
     <span class='ocr_line' id='line_1_32' title="bbox 212 2453 1173 2515; baseline -0.001 -16"><span class='ocrx_word' id='word_1_282' title='bbox 212 2469 304 2515; x_wconf 82' lang='lat' dir='ltr'>gressus</span> <span class='ocrx_word' id='word_1_283' title='bbox 324 2468 374 2500; x_wconf 90' lang='lat' dir='ltr'>sum</span> <span class='ocrx_word' id='word_1_284' title='bbox 395 2454 486 2499; x_wconf 90' lang='lat' dir='ltr'>domum</span> <span class='ocrx_word' id='word_1_285' title='bbox 508 2459 576 2506; x_wconf 83' lang='lat' dir='ltr'>tuem,</span> <span class='ocrx_word' id='word_1_286' title='bbox 598 2467 677 2512; x_wconf 78' lang='lat' dir='ltr'>equom</span> <span class='ocrx_word' id='word_1_287' title='bbox 708 2467 774 2508; x_wconf 82' lang='lat' dir='ltr'>nem3</span> <span class='ocrx_word' id='word_1_288' title='bbox 797 2461 820 2498; x_wconf 90' lang='lat' dir='ltr'>et</span> <span class='ocrx_word' id='word_1_289' title='bbox 830 2468 899 2513; x_wconf 88' lang='lat' dir='ltr'>quum</span> <span class='ocrx_word' id='word_1_290' title='bbox 916 2460 1005 2498; x_wconf 78' lang='lat' dir='ltr'>enatum</span> <span class='ocrx_word' id='word_1_291' title='bbox 1023 2460 1088 2506; x_wconf 89' lang='lat' dir='ltr'>esset,</span> <span class='ocrx_word' id='word_1_292' title='bbox 1104 2453 1173 2498; x_wconf 78' lang='lat' dir='ltr'>edidit</span> 
     </span>
     <span class='ocr_line' id='line_1_33' title="bbox 212 2515 1173 2578; baseline -0.001 -15"><span class='ocrx_word' id='word_1_293' title='bbox 212 2517 303 2578; x_wconf 78' lang='lat' dir='ltr'>pedibus</span> <span class='ocrx_word' id='word_1_294' title='bbox 316 2518 371 2564; x_wconf 86' lang='lat' dir='ltr'>meis</span> <span class='ocrx_word' id='word_1_295' title='bbox 388 2533 433 2563; x_wconf 89' lang='lat' dir='ltr'>non</span> <span class='ocrx_word' id='word_1_296' title='bbox 449 2517 544 2572; x_wconf 83' lang='lat' dir='ltr'>dedisti3</span> <span class='ocrx_word' id='word_1_297' title='bbox 566 2517 676 2563; x_wconf 77' lang='lat' dir='ltr'>haenau·</span> <span class='ocrx_word' id='word_1_298' title='bbox 707 2515 804 2562; x_wconf 78' lang='lat' dir='ltr'>fructum</span> <span class='ocrx_word' id='word_1_299' title='bbox 831 2517 966 2577; x_wconf 84' lang='lat' dir='ltr'>centuplum.</span> <span class='ocrx_word' id='word_1_300' title='bbox 1011 2515 1076 2562; x_wconf 78' lang='lat' dir='ltr'>Haec</span> <span class='ocrx_word' id='word_1_301' title='bbox 1098 2516 1173 2562; x_wconf 75' lang='lat' dir='ltr'>dicens</span> 
     </span>
     <span class='ocr_line' id='line_1_34' title="bbox 213 2579 1173 2641; baseline 0.001 -15"><span class='ocrx_word' id='word_1_302' title='bbox 213 2591 258 2626; x_wconf 87' lang='lat' dir='ltr'>tem</span> <span class='ocrx_word' id='word_1_303' title='bbox 269 2581 373 2640; x_wconf 83' lang='lat' dir='ltr'>lacrymis</span> <span class='ocrx_word' id='word_1_304' title='bbox 389 2581 470 2641; x_wconf 76' lang='lat' dir='ltr'>rigavit</span> <span class='ocrx_word' id='word_1_305' title='bbox 485 2580 553 2641; x_wconf 83' lang='lat' dir='ltr'>pedes</span> <span class='ocrx_word' id='word_1_306' title='bbox 569 2595 637 2634; x_wconf 90' lang='lat' dir='ltr'>meos,</span> <span class='ocrx_word' id='word_1_307' title='bbox 654 2587 678 2626; x_wconf 90' lang='lat' dir='ltr'>et</span> <span class='ocrx_word' id='word_1_308' title='bbox 707 2580 821 2632; x_wconf 78' lang='lat' dir='ltr'>clamabat,</span> <span class='ocrx_word' id='word_1_309' title='bbox 835 2579 879 2633; x_wconf 87' lang='lat' dir='ltr'>Qui</span> <span class='ocrx_word' id='word_1_310' title='bbox 891 2581 956 2626; x_wconf 79' lang='lat' dir='ltr'>habet</span> <span class='ocrx_word' id='word_1_311' title='bbox 966 2595 1030 2626; x_wconf 83' lang='lat' dir='ltr'>aures</span> <span class='ocrx_word' id='word_1_312' title='bbox 1041 2580 1068 2626; x_wconf 78' lang='lat' dir='ltr'>nd</span> <span class='ocrx_word' id='word_1_313' title='bbox 1081 2580 1173 2627; x_wconf 80' lang='lat' dir='ltr'>audien·</span> 
     </span>
     <span class='ocr_line' id='line_1_35' title="bbox 213 2644 859 2705; baseline 0.003 -16"><span class='ocrx_word' id='word_1_314' title='bbox 213 2644 296 2705; x_wconf 81' lang='lat' dir='ltr'>cupillis</span> <span class='ocrx_word' id='word_1_315' title='bbox 307 2644 383 2703; x_wconf 78' lang='lat' dir='ltr'>capitIs</span> <span class='ocrx_word' id='word_1_316' title='bbox 395 2644 428 2689; x_wconf 92' lang='lat' dir='ltr'>sui</span> <span class='ocrx_word' id='word_1_317' title='bbox 439 2644 538 2690; x_wconf 78' lang='lat' dir='ltr'>extersit.</span> <span class='ocrx_word' id='word_1_318' title='bbox 707 2644 767 2699; x_wconf 90' lang='lat' dir='ltr'>dum,</span> <span class='ocrx_word' id='word_1_319' title='bbox 779 2644 859 2691; x_wconf 79' lang='lat' dir='ltr'>audiet.</span> 
     </span>
    </p>

    <p class='ocr_par' dir='ltr' id='par_1_9' title="bbox 212 2705 1174 2898">
     <span class='ocr_line' id='line_1_36' title="bbox 245 2705 1174 2769; baseline 0 -18"><span class='ocrx_word' id='word_1_320' title='bbox 245 2710 277 2754; x_wconf 80' lang='lat'>45</span> <span class='ocrx_word' id='word_1_321' title='bbox 296 2705 404 2752; x_wconf 83' lang='lat' dir='ltr'>Osculum</span> <span class='ocrx_word' id='word_1_322' title='bbox 430 2706 483 2752; x_wconf 91' lang='lat' dir='ltr'>mihi</span> <span class='ocrx_word' id='word_1_323' title='bbox 511 2721 557 2754; x_wconf 85' lang='lat' dir='ltr'>uon</span> <span class='ocrx_word' id='word_1_324' title='bbox 584 2706 676 2764; x_wconf 78' lang='lat' dir='ltr'>dedisti3</span> <span class='ocrx_word' id='word_1_325' title='bbox 740 2707 1025 2769; x_wconf 77' lang='lat' dir='ltr'>9Interrognbantoutem</span> <span class='ocrx_word' id='word_1_326' title='bbox 1039 2723 1090 2754; x_wconf 88' lang='lat' dir='ltr'>eum</span> <span class='ocrx_word' id='word_1_327' title='bbox 1107 2706 1174 2754; x_wconf 80' lang='lat' dir='ltr'>disei-</span> 
     </span>
     <span class='ocr_line' id='line_1_37' title="bbox 212 2769 1173 2833; baseline 0.003 -17"><span class='ocrx_word' id='word_1_328' title='bbox 212 2772 266 2818; x_wconf 84' lang='lat' dir='ltr'>baeo</span> <span class='ocrx_word' id='word_1_329' title='bbox 276 2775 452 2829; x_wconf 77' lang='lat' dir='ltr'>eutemexquo</span> <span class='ocrx_word' id='word_1_330' title='bbox 463 2769 564 2830; x_wconf 82' lang='lat' dir='ltr'>ingresse</span> <span class='ocrx_word' id='word_1_331' title='bbox 574 2777 615 2825; x_wconf 89' lang='lat' dir='ltr'>est,</span> <span class='ocrx_word' id='word_1_332' title='bbox 631 2787 677 2817; x_wconf 87' lang='lat' dir='ltr'>nou</span> <span class='ocrx_word' id='word_1_333' title='bbox 706 2771 752 2833; x_wconf 85' lang='lat' dir='ltr'>puli</span> <span class='ocrx_word' id='word_1_334' title='bbox 771 2773 825 2833; x_wconf 88' lang='lat' dir='ltr'>ejus,</span> <span class='ocrx_word' id='word_1_335' title='bbox 847 2773 951 2828; x_wconf 83' lang='lat' dir='ltr'>dicentes,</span> <span class='ocrx_word' id='word_1_336' title='bbox 972 2772 1036 2827; x_wconf 81' lang='lat' dir='ltr'>Quae</span> <span class='ocrx_word' id='word_1_337' title='bbox 1054 2781 1114 2818; x_wconf 79' lang='lat' dir='ltr'>esset</span> <span class='ocrx_word' id='word_1_338' title='bbox 1132 2771 1173 2819; x_wconf 80' lang='lat' dir='ltr'>iste</span> 
     </span>
     <span class='ocr_line' id='line_1_38' title="bbox 212 2833 830 2898; baseline 0.002 -19"><span class='ocrx_word' id='word_1_339' title='bbox 212 2834 329 2880; x_wconf 82' lang='lat' dir='ltr'>intermisit</span> <span class='ocrx_word' id='word_1_340' title='bbox 341 2833 461 2880; x_wconf 77' lang='lat' dir='ltr'>deosculari</span> <span class='ocrx_word' id='word_1_341' title='bbox 472 2833 540 2895; x_wconf 86' lang='lat' dir='ltr'>pedes</span> <span class='ocrx_word' id='word_1_342' title='bbox 551 2848 621 2880; x_wconf 87' lang='lat' dir='ltr'>meos.</span> <span class='ocrx_word' id='word_1_343' title='bbox 708 2836 830 2898; x_wconf 73' lang='lat' dir='ltr'>parabola?</span> 
     </span>
    </p>

    <p class='ocr_par' dir='ltr' id='par_1_10' title="bbox 212 2895 1173 3088">
     <span class='ocr_line' id='line_1_39' title="bbox 244 2895 1170 2960; baseline 0.001 -17"><span class='ocrx_word' id='word_1_344' title='bbox 244 2902 276 2945; x_wconf 86' lang='grc'>46</span> <span class='ocrx_word' id='word_1_345' title='bbox 294 2897 351 2944; x_wconf 88' lang='lat' dir='ltr'>Oleo</span> <span class='ocrx_word' id='word_1_346' title='bbox 362 2903 428 2958; x_wconf 79' lang='lat' dir='ltr'>caput</span> <span class='ocrx_word' id='word_1_347' title='bbox 438 2912 512 2944; x_wconf 88' lang='lat' dir='ltr'>meum</span> <span class='ocrx_word' id='word_1_348' title='bbox 523 2913 569 2944; x_wconf 88' lang='lat' dir='ltr'>uon</span> <span class='ocrx_word' id='word_1_349' title='bbox 579 2899 660 2945; x_wconf 86' lang='lat' dir='ltr'>unxisti</span> <span class='ocrx_word' id='word_1_350' title='bbox 669 2915 677 2955; x_wconf 92' lang='lat'>;</span> <span class='ocrx_word' id='word_1_351' title='bbox 742 2904 772 2946; x_wconf 90' lang='lat'>10</span> <span class='ocrx_word' id='word_1_352' title='bbox 789 2898 840 2960; x_wconf 87' lang='lat' dir='ltr'>Ipse</span> <span class='ocrx_word' id='word_1_353' title='bbox 848 2895 900 2946; x_wconf 79' lang='lat' dir='ltr'>verti</span> <span class='ocrx_word' id='word_1_354' title='bbox 907 2899 962 2945; x_wconf 87' lang='lat' dir='ltr'>dixit</span> <span class='ocrx_word' id='word_1_355' title='bbox 969 2900 1007 2953; x_wconf 83' lang='lat' dir='ltr'>eit,</span> <span class='ocrx_word' id='word_1_356' title='bbox 1018 2898 1088 2945; x_wconf 85' lang='lat' dir='ltr'>Vobis</span> <span class='ocrx_word' id='word_1_357' title='bbox 1095 2899 1170 2945; x_wconf 80' lang='lat' dir='ltr'>datum</span> 
     </span>
     <span class='ocr_line' id='line_1_40' title="bbox 212 2961 1172 3025; baseline 0.002 -17"><span class='ocrx_word' id='word_1_358' title='bbox 212 2977 266 3010; x_wconf 83' lang='lat' dir='ltr'>naec</span> <span class='ocrx_word' id='word_1_359' title='bbox 287 2969 361 3009; x_wconf 84' lang='lat' dir='ltr'>autem</span> <span class='ocrx_word' id='word_1_360' title='bbox 383 2970 499 3025; x_wconf 85' lang='lat' dir='ltr'>unguento</span> <span class='ocrx_word' id='word_1_361' title='bbox 520 2963 585 3008; x_wconf 87' lang='lat' dir='ltr'>unxit</span> <span class='ocrx_word' id='word_1_362' title='bbox 611 2963 678 3025; x_wconf 83' lang='lat' dir='ltr'>pedes</span> <span class='ocrx_word' id='word_1_363' title='bbox 708 2970 742 3009; x_wconf 89' lang='lat' dir='ltr'>est</span> <span class='ocrx_word' id='word_1_364' title='bbox 753 2961 817 3010; x_wconf 85' lang='lat' dir='ltr'>misse</span> <span class='ocrx_word' id='word_1_365' title='bbox 828 2963 934 3024; x_wconf 73' lang='lat' dir='ltr'>mysteria</span> <span class='ocrx_word' id='word_1_366' title='bbox 944 2963 1007 3024; x_wconf 84' lang='lat' dir='ltr'>regni</span> <span class='ocrx_word' id='word_1_367' title='bbox 1018 2962 1069 3017; x_wconf 86' lang='lat' dir='ltr'>Del,</span> <span class='ocrx_word' id='word_1_368' title='bbox 1082 2963 1172 3022; x_wconf 80' lang='lat' dir='ltr'>reliquis</span> 
     </span>
     <span class='ocr_line' id='line_1_41' title="bbox 213 3027 1173 3088; baseline 0 -16"><span class='ocrx_word' id='word_1_369' title='bbox 213 3043 282 3074; x_wconf 82' lang='lat' dir='ltr'>meos.</span> <span class='ocrx_word' id='word_1_370' title='bbox 707 3035 781 3074; x_wconf 77' lang='lat' dir='ltr'>eutem</span> <span class='ocrx_word' id='word_1_371' title='bbox 790 3043 829 3088; x_wconf 89' lang='lat' dir='ltr'>per</span> <span class='ocrx_word' id='word_1_372' title='bbox 837 3027 951 3088; x_wconf 77' lang='lat' dir='ltr'>parabolus</span> <span class='ocrx_word' id='word_1_373' title='bbox 961 3029 1047 3087; x_wconf 83' lang='lat' dir='ltr'>loquor,</span> <span class='ocrx_word' id='word_1_374' title='bbox 1059 3036 1084 3074; x_wconf 90' lang='lat' dir='ltr'>ut</span> <span class='ocrx_word' id='word_1_375' title='bbox 1095 3027 1173 3073; x_wconf 78' lang='lat' dir='ltr'>viden·</span> 
     </span>
    </p>

    <p class='ocr_par' dir='ltr' id='par_1_11' title="bbox 213 3088 1172 3344">
     <span class='ocr_line' id='line_1_42' title="bbox 244 3088 1172 3153; baseline -0.003 -14"><span class='ocrx_word' id='word_1_376' title='bbox 244 3095 275 3139; x_wconf 86' lang='grc'>47</span> <span class='ocrx_word' id='word_1_377' title='bbox 294 3089 365 3153; x_wconf 89' lang='lat' dir='ltr'>Cujus</span> <span class='ocrx_word' id='word_1_378' title='bbox 376 3091 408 3138; x_wconf 88' lang='lat' dir='ltr'>rei</span> <span class='ocrx_word' id='word_1_379' title='bbox 417 3088 495 3153; x_wconf 72' lang='lat' dir='ltr'>gralli,</span> <span class='ocrx_word' id='word_1_380' title='bbox 512 3091 562 3137; x_wconf 87' lang='lat' dir='ltr'>dico</span> <span class='ocrx_word' id='word_1_381' title='bbox 578 3090 623 3146; x_wconf 80' lang='lat' dir='ltr'>tibI,</span> <span class='ocrx_word' id='word_1_382' title='bbox 642 3107 677 3138; x_wconf 88' lang='lat' dir='ltr'>re·</span> <span class='ocrx_word' id='word_1_383' title='bbox 708 3097 742 3137; x_wconf 89' lang='lat' dir='ltr'>tes</span> <span class='ocrx_word' id='word_1_384' title='bbox 757 3107 802 3137; x_wconf 89' lang='lat' dir='ltr'>non</span> <span class='ocrx_word' id='word_1_385' title='bbox 817 3092 912 3146; x_wconf 75' lang='lat' dir='ltr'>videant,</span> <span class='ocrx_word' id='word_1_386' title='bbox 924 3099 947 3138; x_wconf 86' lang='lat' dir='ltr'>et</span> <span class='ocrx_word' id='word_1_387' title='bbox 957 3091 1071 3138; x_wconf 78' lang='lat' dir='ltr'>audientes</span> <span class='ocrx_word' id='word_1_388' title='bbox 1082 3106 1126 3138; x_wconf 88' lang='lat' dir='ltr'>nou</span> <span class='ocrx_word' id='word_1_389' title='bbox 1138 3091 1172 3136; x_wconf 86' lang='lat' dir='ltr'>in·</span> 
     </span>
     <span class='ocr_line' id='line_1_43' title="bbox 213 3154 815 3217; baseline -0.003 -15"><span class='ocrx_word' id='word_1_390' title='bbox 213 3155 280 3203; x_wconf 80' lang='lat' dir='ltr'>misse</span> <span class='ocrx_word' id='word_1_391' title='bbox 289 3171 339 3202; x_wconf 88' lang='lat' dir='ltr'>esse</span> <span class='ocrx_word' id='word_1_392' title='bbox 349 3163 438 3217; x_wconf 60' lang='lat' dir='ltr'>meatu</span> <span class='ocrx_word' id='word_1_393' title='bbox 454 3155 525 3202; x_wconf 78' lang='lat' dir='ltr'>multe</span> <span class='ocrx_word' id='word_1_394' title='bbox 539 3155 577 3202; x_wconf 79' lang='lat' dir='ltr'>ills</span> <span class='ocrx_word' id='word_1_395' title='bbox 592 3155 677 3217; x_wconf 85' lang='lat' dir='ltr'>ipsins;</span> <span class='ocrx_word' id='word_1_396' title='bbox 708 3154 815 3217; x_wconf 78' lang='lat' dir='ltr'>tellignnt.</span> 
     </span>
     <span class='ocr_line' id='line_1_44' title="bbox 213 3217 1171 3281; baseline -0.002 -15"><span class='ocrx_word' id='word_1_397' title='bbox 213 3235 264 3266; x_wconf 84' lang='lat' dir='ltr'>unm</span> <span class='ocrx_word' id='word_1_398' title='bbox 275 3220 352 3266; x_wconf 89' lang='lat' dir='ltr'>dilexit</span> <span class='ocrx_word' id='word_1_399' title='bbox 362 3217 470 3266; x_wconf 76' lang='lat' dir='ltr'>multumt</span> <span class='ocrx_word' id='word_1_400' title='bbox 489 3219 525 3266; x_wconf 86' lang='lat' dir='ltr'>cui</span> <span class='ocrx_word' id='word_1_401' title='bbox 536 3228 610 3266; x_wconf 77' lang='lat' dir='ltr'>sutem</span> <span class='ocrx_word' id='word_1_402' title='bbox 621 3235 676 3281; x_wconf 83' lang='lat' dir='ltr'>psu-</span> <span class='ocrx_word' id='word_1_403' title='bbox 742 3223 769 3265; x_wconf 93' lang='grc'>11</span> <span class='ocrx_word' id='word_1_404' title='bbox 789 3219 833 3266; x_wconf 88' lang='lat' dir='ltr'>Est</span> <span class='ocrx_word' id='word_1_405' title='bbox 843 3226 916 3266; x_wconf 77' lang='lat' dir='ltr'>eutem</span> <span class='ocrx_word' id='word_1_406' title='bbox 927 3220 982 3265; x_wconf 85' lang='lat' dir='ltr'>hoec</span> <span class='ocrx_word' id='word_1_407' title='bbox 992 3219 1109 3280; x_wconf 75' lang='lat' dir='ltr'>parabola:</span> <span class='ocrx_word' id='word_1_408' title='bbox 1130 3218 1171 3264; x_wconf 67' lang='lat' dir='ltr'>So</span> 
     </span>
     <span class='ocr_line' id='line_1_45' title="bbox 213 3282 1025 3344; baseline -0.001 -15"><span class='ocrx_word' id='word_1_409' title='bbox 213 3284 282 3330; x_wconf 69' lang='lat' dir='ltr'>:ulum</span> <span class='ocrx_word' id='word_1_410' title='bbox 294 3283 418 3337; x_wconf 85' lang='lat' dir='ltr'>remittitur,</span> <span class='ocrx_word' id='word_1_411' title='bbox 429 3283 542 3344; x_wconf 78' lang='lat' dir='ltr'>paululum</span> <span class='ocrx_word' id='word_1_412' title='bbox 553 3283 633 3344; x_wconf 81' lang='lat' dir='ltr'>diligit.</span> <span class='ocrx_word' id='word_1_413' title='bbox 708 3299 759 3330; x_wconf 89' lang='lat' dir='ltr'>men</span> <span class='ocrx_word' id='word_1_414' title='bbox 770 3283 825 3329; x_wconf 89' lang='lat' dir='ltr'>illud</span> <span class='ocrx_word' id='word_1_415' title='bbox 834 3291 868 3329; x_wconf 83' lang='lat' dir='ltr'>est</span> <span class='ocrx_word' id='word_1_416' title='bbox 879 3298 952 3329; x_wconf 86' lang='lat' dir='ltr'>sermo</span> <span class='ocrx_word' id='word_1_417' title='bbox 965 3282 1025 3337; x_wconf 78' lang='lat' dir='ltr'>Dei3</span> 
     </span>
    </p>

    <p class='ocr_par' dir='ltr' id='par_1_12' title="bbox 215 3345 1219 3472">
     <span class='ocr_line' id='line_1_46' title="bbox 245 3345 1162 3402; baseline 0 -10"><span class='ocrx_word' id='word_1_418' title='bbox 245 3351 276 3392; x_wconf 88' lang='grc'>48</span> <span class='ocrx_word' id='word_1_419' title='bbox 294 3345 361 3394; x_wconf 87' lang='lat' dir='ltr'>Dixit</span> <span class='ocrx_word' id='word_1_420' title='bbox 371 3354 445 3394; x_wconf 80' lang='lat' dir='ltr'>autem</span> <span class='ocrx_word' id='word_1_421' title='bbox 461 3347 488 3402; x_wconf 88' lang='lat' dir='ltr'>ei,</span> <span class='ocrx_word' id='word_1_422' title='bbox 506 3345 610 3392; x_wconf 75' lang='lat' dir='ltr'>Remissa</span> <span class='ocrx_word' id='word_1_423' title='bbox 626 3355 677 3394; x_wconf 82' lang='lat' dir='ltr'>sunt</span> <span class='ocrx_word' id='word_1_424' title='bbox 743 3351 772 3392; x_wconf 81' lang='lat'>12</span> <span class='ocrx_word' id='word_1_425' title='bbox 789 3347 834 3401; x_wconf 84' lang='lat' dir='ltr'>Qut</span> <span class='ocrx_word' id='word_1_426' title='bbox 846 3355 919 3394; x_wconf 83' lang='lat' dir='ltr'>nutem</span> <span class='ocrx_word' id='word_1_427' title='bbox 932 3345 1052 3393; x_wconf 83' lang='lat' dir='ltr'>seeuntltiur</span> <span class='ocrx_word' id='word_1_428' title='bbox 1064 3346 1122 3393; x_wconf 80' lang='lat' dir='ltr'>viam</span> <span class='ocrx_word' id='word_1_429' title='bbox 1138 3361 1162 3392; x_wconf 81' lang='lat' dir='ltr'>se</span> 
     </span>
     <span class='ocr_line' id='line_1_47' title="bbox 215 3411 1219 3472; baseline 0 -16"><span class='ocrx_word' id='word_1_430' title='bbox 215 3411 250 3457; x_wconf 89' lang='lat' dir='ltr'>tibi</span> <span class='ocrx_word' id='word_1_431' title='bbox 262 3418 357 3472; x_wconf 58' lang='lat' dir='ltr'>moeste</span> <span class='ocrx_word' id='word_1_432' title='bbox 707 3427 758 3458; x_wconf 77' lang='lat' dir='ltr'>uren</span> <span class='ocrx_word' id='word_1_433' title='bbox 775 3413 897 3471; x_wconf 69' lang='lat' dir='ltr'>excipiunt,</span> <span class='ocrx_word' id='word_1_434' title='bbox 915 3411 928 3456; x_wconf 95' lang='lat' dir='ltr'>ii</span> <span class='ocrx_word' id='word_1_435' title='bbox 946 3420 998 3456; x_wconf 88' lang='lat' dir='ltr'>sunt</span> <span class='ocrx_word' id='word_1_436' title='bbox 1014 3411 1050 3470; x_wconf 85' lang='lat' dir='ltr'>qui</span> <span class='ocrx_word' id='word_1_437' title='bbox 1066 3411 1173 3465; x_wconf 83' lang='lat' dir='ltr'>eudimrt,</span> <span class='ocrx_word' id='word_1_438' title='bbox 1213 3440 1219 3451; x_wconf 37' lang='grc' dir='ltr'><em>κ</em></span> 
     </span>
    </p>

    <p class='ocr_par' dir='ltr' id='par_1_13' title="bbox 212 3473 1174 3663">
     <span class='ocr_line' id='line_1_48' title="bbox 245 3473 1174 3536; baseline 0 -16"><span class='ocrx_word' id='word_1_439' title='bbox 245 3479 277 3522; x_wconf 84' lang='grc'>49</span> <span class='ocrx_word' id='word_1_440' title='bbox 294 3473 327 3522; x_wconf 89' lang='lat' dir='ltr'>Et</span> <span class='ocrx_word' id='word_1_441' title='bbox 337 3482 457 3536; x_wconf 84' lang='lat' dir='ltr'>coeperunt</span> <span class='ocrx_word' id='word_1_442' title='bbox 468 3474 505 3535; x_wconf 93' lang='lat' dir='ltr'>qui</span> <span class='ocrx_word' id='word_1_443' title='bbox 514 3473 578 3520; x_wconf 90' lang='lat' dir='ltr'>simul</span> <span class='ocrx_word' id='word_1_444' title='bbox 587 3489 677 3520; x_wconf 81' lang='lat' dir='ltr'>uenum·</span> <span class='ocrx_word' id='word_1_445' title='bbox 707 3475 787 3522; x_wconf 85' lang='lat' dir='ltr'>deinde</span> <span class='ocrx_word' id='word_1_446' title='bbox 806 3475 867 3522; x_wconf 82' lang='lat' dir='ltr'>vertit</span> <span class='ocrx_word' id='word_1_447' title='bbox 885 3475 989 3528; x_wconf 80' lang='lat' dir='ltr'>diabolus,</span> <span class='ocrx_word' id='word_1_448' title='bbox 1009 3485 1032 3520; x_wconf 88' lang='lat' dir='ltr'>et</span> <span class='ocrx_word' id='word_1_449' title='bbox 1051 3475 1108 3520; x_wconf 90' lang='lat' dir='ltr'>tollit</span> <span class='ocrx_word' id='word_1_450' title='bbox 1127 3491 1174 3520; x_wconf 81' lang='lat' dir='ltr'>ser-</span> 
     </span>
     <span class='ocr_line' id='line_1_49' title="bbox 212 3538 1174 3600; baseline -0.006 -12"><span class='ocrx_word' id='word_1_451' title='bbox 212 3540 292 3588; x_wconf 79' lang='lat' dir='ltr'>betam</span> <span class='ocrx_word' id='word_1_452' title='bbox 307 3539 379 3585; x_wconf 81' lang='lat' dir='ltr'>dIcere</span> <span class='ocrx_word' id='word_1_453' title='bbox 395 3539 454 3600; x_wconf 79' lang='lat' dir='ltr'>apud</span> <span class='ocrx_word' id='word_1_454' title='bbox 469 3554 500 3593; x_wconf 84' lang='lat' dir='ltr'>se,</span> <span class='ocrx_word' id='word_1_455' title='bbox 518 3538 577 3592; x_wconf 85' lang='lat' dir='ltr'>Quis</span> <span class='ocrx_word' id='word_1_456' title='bbox 592 3545 626 3584; x_wconf 89' lang='lat' dir='ltr'>est</span> <span class='ocrx_word' id='word_1_457' title='bbox 642 3538 678 3585; x_wconf 87' lang='lat' dir='ltr'>bio</span> <span class='ocrx_word' id='word_1_458' title='bbox 707 3554 796 3585; x_wconf 88' lang='lat' dir='ltr'>monem</span> <span class='ocrx_word' id='word_1_459' title='bbox 808 3554 821 3584; x_wconf 90' lang='lat' dir='ltr'>e</span> <span class='ocrx_word' id='word_1_460' title='bbox 832 3539 898 3585; x_wconf 84' lang='lat' dir='ltr'>corde</span> <span class='ocrx_word' id='word_1_461' title='bbox 909 3554 993 3592; x_wconf 88' lang='lat' dir='ltr'>eorum,</span> <span class='ocrx_word' id='word_1_462' title='bbox 1005 3554 1040 3592; x_wconf 83' lang='lat' dir='ltr'>ne,</span> <span class='ocrx_word' id='word_1_463' title='bbox 1057 3548 1174 3600; x_wconf 78' lang='lat' dir='ltr'>postquem</span> 
     </span>
     <span class='ocr_line' id='line_1_50' title="bbox 212 3602 981 3663; baseline 0 -16"><span class='ocrx_word' id='word_1_464' title='bbox 212 3603 249 3663; x_wconf 90' lang='lat' dir='ltr'>qui</span> <span class='ocrx_word' id='word_1_465' title='bbox 263 3602 329 3648; x_wconf 80' lang='lat' dir='ltr'>etium</span> <span class='ocrx_word' id='word_1_466' title='bbox 340 3611 431 3662; x_wconf 70' lang='lat' dir='ltr'>peccate</span> <span class='ocrx_word' id='word_1_467' title='bbox 441 3602 549 3650; x_wconf 84' lang='lat' dir='ltr'>remittit?</span> <span class='ocrx_word' id='word_1_468' title='bbox 707 3603 845 3656; x_wconf 86' lang='lat' dir='ltr'>crediderint,</span> <span class='ocrx_word' id='word_1_469' title='bbox 857 3612 981 3648; x_wconf 85' lang='lat' dir='ltr'>serventur.</span> 
     </span>
    </p>

    <p class='ocr_par' dir='ltr' id='par_1_14' title="bbox 214 3663 1173 3791">
     <span class='ocr_line' id='line_1_51' title="bbox 245 3663 1173 3726; baseline -0.004 -13"><span class='ocrx_word' id='word_1_470' title='bbox 245 3669 278 3713; x_wconf 82' lang='lat'>50</span> <span class='ocrx_word' id='word_1_471' title='bbox 296 3663 361 3710; x_wconf 87' lang='lat' dir='ltr'>Dixit</span> <span class='ocrx_word' id='word_1_472' title='bbox 379 3674 453 3712; x_wconf 82' lang='lat' dir='ltr'>autem</span> <span class='ocrx_word' id='word_1_473' title='bbox 474 3666 502 3714; x_wconf 71' lang='lat' dir='ltr'>ed</span> <span class='ocrx_word' id='word_1_474' title='bbox 518 3665 632 3712; x_wconf 65' lang='lat' dir='ltr'>mutierem</span> <span class='ocrx_word' id='word_1_475' title='bbox 649 3665 677 3712; x_wconf 84' lang='lat' dir='ltr'>il·</span> <span class='ocrx_word' id='word_1_476' title='bbox 742 3670 771 3712; x_wconf 88' lang='grc'><strong>15</strong></span> <span class='ocrx_word' id='word_1_477' title='bbox 790 3666 834 3720; x_wconf 86' lang='lat' dir='ltr'>Qui</span> <span class='ocrx_word' id='word_1_478' title='bbox 846 3663 900 3712; x_wconf 84' lang='lat' dir='ltr'>rerd</span> <span class='ocrx_word' id='word_1_479' title='bbox 910 3667 1031 3726; x_wconf 79' lang='lat' dir='ltr'>inpetrem,</span> <span class='ocrx_word' id='word_1_480' title='bbox 1041 3665 1120 3711; x_wconf 78' lang='lat' dir='ltr'>t&#39;t‘sttrtt</span> <span class='ocrx_word' id='word_1_481' title='bbox 1130 3665 1173 3723; x_wconf 80' lang='lat' dir='ltr'>qui.</span> 
     </span>
     <span class='ocr_line' id='line_1_52' title="bbox 214 3727 1171 3791; baseline -0.004 -15"><span class='ocrx_word' id='word_1_482' title='bbox 214 3735 263 3780; x_wconf 86' lang='lat' dir='ltr'>lum,</span> <span class='ocrx_word' id='word_1_483' title='bbox 277 3727 343 3774; x_wconf 74' lang='lat' dir='ltr'>bidos</span> <span class='ocrx_word' id='word_1_484' title='bbox 354 3735 393 3775; x_wconf 78' lang='lat' dir='ltr'>tun</span> <span class='ocrx_word' id='word_1_485' title='bbox 403 3729 543 3777; x_wconf 77' lang='lat' dir='ltr'>teservavit:</span> <span class='ocrx_word' id='word_1_486' title='bbox 563 3730 677 3777; x_wconf 83' lang='lat' dir='ltr'>vudecum</span> <span class='ocrx_word' id='word_1_487' title='bbox 707 3745 775 3791; x_wconf 82' lang='lat' dir='ltr'>quum</span> <span class='ocrx_word' id='word_1_488' title='bbox 792 3730 914 3784; x_wconf 76' lang='lat' dir='ltr'>audierunt,</span> <span class='ocrx_word' id='word_1_489' title='bbox 930 3745 982 3776; x_wconf 87' lang='lat' dir='ltr'>eum</span> <span class='ocrx_word' id='word_1_490' title='bbox 998 3729 1080 3790; x_wconf 77' lang='lat' dir='ltr'>gaudio</span> <span class='ocrx_word' id='word_1_491' title='bbox 1091 3729 1171 3788; x_wconf 79' lang='lat' dir='ltr'>excipi·</span> 
     </span>
    </p>
   </div>
   <div class='ocr_carea' id='block_1_5' title="bbox 214 3792 1173 3898">
    <p class='ocr_par' dir='ltr' id='par_1_15' title="bbox 214 3792 1173 3898">
     <span class='ocr_line' id='line_1_53' title="bbox 214 3792 1173 3898; baseline 0.003 -62"><span class='ocrx_word' id='word_1_492' title='bbox 214 3808 273 3848; x_wconf 81' lang='lat' dir='ltr'>pace.</span> <span class='ocrx_word' id='word_1_493' title='bbox 435 3817 436 3820; x_wconf 61' lang='lat'><em>=</em></span> <span class='ocrx_word' id='word_1_494' title='bbox 460 3856 490 3898; x_wconf 57' lang='grc' dir='ltr'>Ἠ</span> <span class='ocrx_word' id='word_1_495' title='bbox 708 3802 749 3840; x_wconf 90' lang='lat' dir='ltr'>unt</span> <span class='ocrx_word' id='word_1_496' title='bbox 761 3808 903 3850; x_wconf 66' lang='lat' dir='ltr'>sermonem,</span> <span class='ocrx_word' id='word_1_497' title='bbox 926 3795 966 3840; x_wconf 87' lang='lat' dir='ltr'>sed</span> <span class='ocrx_word' id='word_1_498' title='bbox 976 3793 1011 3840; x_wconf 90' lang='lat' dir='ltr'>isti</span> <span class='ocrx_word' id='word_1_499' title='bbox 1029 3792 1112 3839; x_wconf 67' lang='lat' dir='ltr'>radices</span> <span class='ocrx_word' id='word_1_500' title='bbox 1128 3807 1173 3839; x_wconf 81' lang='lat' dir='ltr'>non</span> 
     </span>
    </p>
   </div>
   <div class='ocr_carea' id='block_1_6' title="bbox 1131 3979 1149 4006">
    <p class='ocr_par' dir='ltr' id='par_1_16' title="bbox 1131 3979 1149 4006">
     <span class='ocr_line' id='line_1_54' title="bbox 1131 3979 1149 4006; baseline 0 0"><span class='ocrx_word' id='word_1_501' title='bbox 1131 3979 1149 4006; x_wconf 61' lang='lat' dir='ltr'>N</span> 
     </span>
    </p>
   </div>
   <div class='ocr_carea' id='block_1_7' title="bbox 0 0 1384 4314">
    <p class='ocr_par' dir='ltr' id='par_1_17' title="bbox 0 0 1384 4314">
     <span class='ocr_line' id='line_1_55' title="bbox 0 0 1384 4314; baseline 0 0"><span class='ocrx_word' id='word_1_502' title='bbox 0 0 1384 4314; x_wconf 95' lang='lat' dir='ltr'> </span> 
     </span>
    </p>
   </div>
  </div>
 </body>
</html>
