2734 4314
559 435 682 497 ΒΗΘΔ,
703 439 736 492 X.

191 531 222 573 62
237 529 278 572 Ast
290 535 364 572 autern
378 528 398 572 ei
412 525 493 580 Jesus,
506 525 582 574 Nemo
592 527 629 587 qui
694 530 722 572 14
740 525 796 572 ideo
807 525 863 585 Tyn
874 535 897 572 et
907 526 996 572 Sidonis
1005 525 1116 572 tolerabib·

163 605 225 637 mauu
243 588 284 636 suit
302 588 392 636 sinoti
408 597 493 644 aratro,
510 591 630 650 respexerit
658 605 685 636 or
692 591 735 636 erit
745 591 842 636 conditio
856 591 878 636 in
890 590 982 651 judicio,
994 587 1060 650 quam
1072 605 1117 636 vat

163 665 188 700 att
201 669 298 716 eaquae
315 661 374 700 retro
388 663 450 708 suat,
465 653 580 716 appositus
596 661 630 700 est
659 663 699 701 tra.

163 719 188 764 ud
198 734 294 782 regnum
306 717 361 763 Dei·
692 724 721 766 15
740 719 771 765 Et
783 727 814 771 tu,
828 717 975 780 Capemaum,
986 735 1043 780 quae
1054 735 1120 780 usquc

658 784 685 830 ad
696 784 782 830 eoelum
794 784 851 830 elata
866 799 897 838 es,
914 799 984 844 usqae
998 784 1027 830 ad
1041 784 1122 832 inferos

330 844 404 894 CAP.
430 845 462 892 X.
658 849 794 909 deprimeris.

217 909 281 958 OST
291 911 346 956 haec
357 919 432 957 autem
443 909 569 971 designavit
579 909 629 955 Do·
693 917 721 958 16
739 912 785 966 Qui
806 927 846 957 vos
863 911 930 966 audit,
949 927 984 958 me
1002 913 1077 969 audit;
1099 920 1122 962 ct

248 975 323 1020 miuus
334 975 400 1020 etiam
411 974 468 1020 alios
484 975 629 1035 septuaginta,
658 976 694 1035 qui
712 991 753 1020 vos
770 976 846 1036 rejicit,
860 990 896 1021 me
913 975 998 1036 rejicit:
1017 977 1054 1036 qui
1070 973 1122 1024 vcrd

163 1039 265 1098 adsitque
276 1054 316 1084 eos
326 1039 390 1084 binos
405 1046 457 1083 ante
473 1037 553 1083 faciem
568 1053 629 1083 suam
659 1055 694 1084 me
706 1040 781 1100 rejicit,
794 1039 863 1099 rejicit
875 1053 926 1084 eum
937 1039 973 1098 qui
986 1039 1045 1084 nrisit
1056 1055 1098 1086 me.

164 1103 187 1149 iu
198 1117 288 1148 omnem
299 1103 375 1148 urbem
386 1109 410 1146 et
420 1102 502 1157 locum,
514 1099 558 1162 qud
569 1101 629 1146 futu·
693 1107 721 1149 17
739 1104 754 1162 1
768 1101 861 1148 Reverti
877 1110 929 1147 sunt
945 1110 1018 1147 autern
1035 1111 1122 1164 septua-

165 1181 213 1212 rutn
223 1173 271 1212 erat
283 1174 308 1212 ut
319 1167 367 1227 ipse
377 1166 470 1212 veniret.
658 1165 722 1228 ginta
732 1181 783 1212 oum
800 1165 888 1226 gaudio,
900 1165 1005 1218 dicentes,
1018 1165 1123 1220 Domine,

196 1234 211 1275 2
227 1229 324 1276 Dicebat
342 1229 411 1290 igitur
426 1230 465 1283 eis,
482 1228 566 1275 Messis
581 1229 630 1289 qui·
659 1231 725 1276 etiam
736 1229 853 1275 daemonia
863 1229 1075 1291 subjiciunturnobis
1086 1247 1121 1291 per

165 1293 537 1355 udrnmultasedoperariipauci:
554 1301 632 1355 rogate
659 1309 741 1340 nomen
753 1303 823 1338 tuum.
849 1319 852 1326 ι

164 1374 218 1418 ergo
229 1357 344 1404 dominum
355 1358 440 1412 messis,
450 1364 475 1402 ut
483 1357 569 1404 emittat
577 1373 630 1419 ope-
693 1361 722 1403 18
739 1359 792 1417 Ipse
808 1365 881 1403 autem
901 1356 956 1402 dixit
975 1355 1013 1410 eis,
1032 1356 1120 1418 Specta·

165 1423 232 1467 rados
243 1422 266 1466 in
277 1436 372 1467 messem
381 1436 451 1467 suam.
658 1422 708 1467 bam
721 1421 831 1476 Satanam,
849 1429 873 1466 ut
889 1419 971 1483 fulgur,
983 1436 996 1468 e
1006 1421 1069 1467 coelo
1085 1439 1120 1470 ea·

196 1490 213 1530 3
229 1486 304 1540 Abite,
323 1501 382 1539 ecee,
402 1501 446 1546 ego
465 1484 531 1530 mitto
550 1499 591 1530 vos
607 1491 631 1531 ul
659 1486 755 1532 dentem.

165 1565 235 1610 agnos
246 1549 269 1594 in
281 1550 378 1594 medium
389 1549 500 1610 luporum.
693 1554 722 1597 19
739 1550 807 1604 Ecce,
819 1550 847 1596 do
858 1549 921 1596 vebis
935 1556 1066 1611 potestatem
1077 1551 1121 1598 cal-

196 1619 212 1658 4
236 1613 274 1658 Ne
295 1619 383 1676 portate
404 1627 539 1663 crumenam,
560 1627 632 1674 neque
659 1615 722 1660 candi
739 1623 851 1676 serpentes
867 1622 890 1659 et
906 1614 1039 1674 scorpiones,
1051 1623 1123 1661 etsu-

166 1691 246 1737 peram,
265 1693 338 1736 neque
355 1676 522 1722 calceamenta:
548 1684 572 1722 ct
590 1693 629 1722 ue·
659 1693 798 1738 praomuem
813 1679 857 1724 vim
875 1677 965 1732 inimici,
975 1685 999 1723 et
1014 1678 1068 1724 nibil
1082 1695 1123 1726 vot

166 1742 247 1786 minem
258 1741 281 1788 iu
294 1738 329 1786 vii
340 1741 495 1786 salutaveritis.
659 1742 736 1788 laedet

197 1808 211 1850 5
230 1803 258 1850 In
276 1819 431 1864 quameunque
447 1805 537 1850 domum
554 1804 629 1866 ingre·
691 1810 723 1851 20
741 1805 784 1851 Sed
804 1805 831 1851 de
848 1821 876 1850 eo
895 1819 925 1860 ne
942 1804 1044 1864 gaudete,
1064 1804 1122 1865 qudd

165 1869 261 1922 diemini,
272 1867 367 1930 primum
379 1869 451 1922 dicite,
465 1867 513 1914 Pax
524 1879 568 1914 esto
580 1868 630 1915 huic
659 1869 748 1930 spiritus
766 1869 828 1914 vobis
844 1865 1002 1928 subjicianturz
1028 1870 1123 1928 gaudete

166 1933 247 1978 domui.
659 1930 712 1978 verd
721 1929 794 1993 potibs
805 1929 863 1991 qudd
875 1931 965 1976 nomina
972 1938 1046 1978 vestra
1053 1932 1122 1994 scrip-

148 2036 151 2042 .
197 1993 298 2049 6Qudd
309 1997 327 2041 si
338 1995 405 2042 fuerit
417 1995 460 2040 illie
469 1995 575 2056 quispiam
587 1995 629 2040 iili·
659 1997 737 2042 lasint
748 1997 770 2041 in
781 1995 856 2041 coelis.

166 2075 191 2105 us
207 2061 275 2121 pacis,
294 2061 417 2119 requiescet
436 2075 501 2120 super
518 2075 569 2105 eum
587 2073 630 2120 pax
691 2064 718 2104 21
739 2061 776 2106 Eo
787 2060 835 2121 ipso
845 2067 958 2104 momento
966 2058 1074 2106 exultavit
1082 2060 1122 2109 Je-

167 2132 253 2170 restra:
274 2125 308 2169 sin
319 2121 399 2177 mimis,
409 2122 437 2170 ad
448 2139 488 2168 tos
500 2132 629 2170 revertetur.
658 2139 696 2170 sus
707 2125 790 2186 spiritu,
802 2134 825 2170 et
836 2124 896 2176 dixit,
910 2123 1011 2168 Gloriam
1028 2124 1066 2170 tibi
1082 2127 1122 2171 tri.

196 2192 210 2234 7
230 2188 408 2233 Maneteautem
425 2185 486 2232 iueri
498 2185 628 2248 ipsidomo,
658 2189 708 2241 buo,
727 2187 800 2242 Pater,
819 2188 918 2233 Domine
934 2187 990 2232 coeli
1006 2197 1029 2234 et
1045 2195 1121 2244 terrae,

165 2252 254 2297 edentes
265 2259 288 2298 et
298 2251 397 2297 bibentes
413 2265 469 2310 quae
482 2251 508 2296 ab
523 2251 576 2312 ipsis
586 2267 628 2310 np-
658 2249 717 2311 qudd
734 2253 788 2297 haee
805 2250 974 2296 occultaverisa
990 2252 1122 2312 sapientibus

164 2315 352 2376 positasaerr'at:
371 2315 453 2374 dignus
463 2316 521 2360 enirn
530 2321 565 2360 est
575 2331 629 2376 ope·
659 2323 681 2360 et
692 2315 870 2375 intelligentibus,
885 2320 908 2358 et
925 2315 1030 2359 retexens
1046 2331 1072 2361 ea
1088 2318 1122 2361 in·

166 2380 234 2425 rarius
253 2379 354 2424 mercede
372 2376 420 2424 suti.
454 2378 491 2424 Ne
509 2381 600 2425 transite
617 2395 630 2425 e
659 2379 770 2424 lantibus:
789 2378 862 2430 etiarn,
877 2375 949 2430 Pater,
965 2376 1017 2435 qula
1032 2377 1062 2423 tta
1076 2379 1121 2439 piu-

165 2443 230 2488 domo
241 2445 264 2488 in
276 2444 375 2489 domum.
659 2443 705 2488 cuit
716 2441 761 2487 tibi.

197 2511 211 2552 8
237 2507 282 2552 Sed
300 2515 326 2552 et·
341 2507 363 2552 in
382 2521 534 2566 quamcunque
554 2508 629 2552 urbem
692 2509 723 2551 22
740 2504 822 2551 Omnia
833 2503 884 2549 mihi
898 2503 977 2548 tradita
990 2512 1066 2551 sunta
1079 2505 1121 2553 Pa-

166 2571 257 2632 rngressi
279 2571 372 2623 fueritis,
393 2580 416 2614 et
434 2571 560 2630 exceperint
582 2587 629 2623 vos,
659 2577 693 2616 tre
703 2585 769 2616 meos
789 2577 811 2616 et
822 2584 887 2615 nemo
899 2568 962 2614 novit
978 2568 1027 2628 quis
1044 2569 1071 2614 sit
1085 2570 1121 2616 Fi-

165 2636 220 2680 edite
230 2651 287 2695 quae
298 2641 440 2695 apponuntur
451 2635 519 2678 vobis.
659 2634 707 2688 lius,
727 2634 768 2681 nisi
790 2633 871 2689 Parem
895 2640 918 2679 et
936 2632 985 2693 quis
1003 2633 1031 2679 sit
1049 2633 1121 2691 Pater,

197 2705 211 2746 9
228 2699 261 2744 Et
272 2709 348 2744 sacrate
360 2705 463 2758 aegrotos
474 2699 510 2757 qui
523 2698 543 2742 in
556 2695 582 2742 ed
593 2698 629 2743 su·
659 2699 700 2744 uisi
714 2698 790 2752 Filius,
801 2706 824 2745 et
834 2699 957 2759 cuicunque
973 2697 1069 2745 voluerit
1084 2701 1117 2746 Fi·

165 2764 226 2814 erint,
238 2771 261 2808 et
272 2763 338 2808 dicite
350 2763 389 2815 cis,
402 2762 594 2822 Appropinquavit
602 2763 630 2808 ad
659 2761 701 2808 lius
712 2772 818 2824 retegere.

167 2843 204 2872 uos
216 2842 310 2888 regnum
324 2825 378 2870 Dei.
691 2829 722 2871 23
740 2826 771 2873 Et
781 2843 902 2873 conversus
913 2827 940 2873 ad
950 2826 1123 2889 discipulospri-

198 2895 227 2936 10
244 2890 271 2935 In
289 2903 445 2950 quameunque
463 2896 537 2935 autern
554 2889 629 2934 urbem
658 2892 725 2936 vatim
737 2891 793 2936 dixit
803 2893 841 2943 eir,
854 2891 917 2936 Beati
930 2891 987 2936 oculi
998 2893 1036 2950 qui
1048 2893 1123 2938 vident

165 2954 256 3016 ingressi
263 2954 356 3005 fueritis,
364 2961 387 2998 et
395 2968 440 2998 non
448 2953 574 3012 exceperint
582 2969 629 3008 vos,
658 2969 714 3015 quae
725 2970 765 3000 vos
776 2955 862 3000 videtis.

165 3019 247 3078 apuessi
260 3019 283 3063 in
294 3018 378 3078 plateas
389 3018 442 3076 ejus,
455 3017 526 3071 dicite,
691 3022 722 3062 24
739 3017 800 3063 Dico
811 3017 870 3062 euim
887 3016 956 3068 vobis,
973 3016 1055 3062 multos
1070 3032 1122 3076 pro-

197 3085 223 3126 11
244 3081 321 3128 Etiam
338 3081 460 3142 pulverem,
478 3080 514 3140 qui
532 3080 630 3126 adhaesit
658 3081 735 3141 phetas
746 3088 769 3125 et
779 3091 844 3139 reges
856 3079 966 3138 cupivisse
982 3079 1057 3124 videre
1068 3095 1123 3138 quae
1181 3099 1183 3102 ·

165 3146 331 3191 nobisexurbe
348 3141 429 3198 vestri,
446 3145 508 3190 vobis
521 3144 628 3204 abstergi·
659 3159 700 3190 vos
722 3143 807 3196 videtis,
825 3156 866 3186 neo
885 3141 982 3196 vidisse5
1004 3147 1028 3186 et
1049 3143 1123 3190 audire

166 3224 226 3255 mus:
250 3216 325 3254 tamen
345 3207 388 3254 hoo
407 3208 491 3261 scitote,
511 3209 628 3268 appropin-
658 3222 715 3268 quae
725 3206 811 3259 auditis,
823 3219 864 3250 nee
874 3204 968 3250 audisse.

165 3271 242 3332 quisse
252 3273 281 3318 ad
293 3288 333 3320 vos
345 3286 440 3332 reguum
453 3271 506 3318 Dei.
692 3274 722 3318 25
739 3273 755 3330 1
767 3269 834 3323 Tum,
845 3283 905 3322 eece,
916 3268 1004 3327 quidam
1021 3267 1077 3328 logls
1088 3269 1122 3315 in-

197 3341 226 3381 ta
244 3336 306 3382 Dico
318 3343 391 3382 autern
403 3337 471 3388 vobis,
482 3335 629 3381 sodomorun
659 3341 743 3396 terpres
762 3332 864 3387 sturexit,
882 3339 970 3378 tentans
986 3345 1037 3376 eum
1050 3343 1073 3378 et
1089 3335 1123 3378 di-

164 3401 314 3447 eouditionem
341 3399 376 3445 die
403 3400 440 3445 illo
462 3399 630 3445 tolerabiliorem
659 3413 719 3454 oens,
739 3397 879 3458 Praeceptor,
897 3396 950 3455 quid
970 3395 1070 3441 faciendo
1089 3400 1123 3443 vi·

165 3463 210 3510 iore
221 3461 287 3525 quim
299 3463 359 3508 urbis
369 3463 434 3509 illius.
660 3470 705 3510 tam
716 3470 827 3510 aeternam
838 3459 973 3521 possidebo?
1135 3501 1140 3508 ,

199 3533 226 3574 45
244 3527 295 3573 Vae
311 3527 356 3580 tibi,
376 3526 505 3574 Chorazin!
527 3541 568 3572 rao
585 3527 629 3580 tibi,
692 3532 723 3574 26
741 3527 773 3572 At
791 3526 827 3571 ille
845 3525 901 3569 dixit
916 3524 942 3575 ei,
962 3522 988 3569 ln
1005 3523 1055 3584 iege
1071 3529 1122 3586 quid

169 3592 299 3638 llnltsaida!
318 3607 370 3636 nam
382 3593 398 3636 si
411 3592 433 3636 in
443 3592 536 3651 Tyroet
549 3591 630 3636 Sidone
660 3588 830 3650 scriptumest?
847 3588 957 3646 quomodo
968 3589 1044 3644 lenis?

165 3659 234 3699 aditae
258 3656 351 3698 fuissent
372 3656 463 3698 virtutes
488 3669 544 3707 quae
567 3657 636 3698 aditae
682 3657 707 3696 27
721 3653 761 3694 lile
782 3649 835 3690 verd
857 3649 986 3696 respondens
1007 3647 1069 3697 dixit,
1090 3646 1126 3689 Dr·

166 3721 214 3755 runt
226 3715 284 3765 spuo
296 3724 343 3762 vos,
357 3712 408 3752 otim
425 3725 475 3754 oum
490 3727 554 3755 saeco
571 3724 592 3756 er
605 3715 635 3756 ct·
659 3713 712 3766 liges
731 3711 847 3750 nominum
866 3705 936 3745 Deum
955 3711 1015 3744 tuum
1034 3715 1062 3746 ex
1082 3710 1125 3745 roto

165 3781 215 3816 toro
223 3772 324 3812 mantea
333 3769 478 3866 resipugssont.
592 3799 593 3808 ,
658 3773 723 3814 sorus
736 3777 781 3820 tuo,
790 3774 812 3809 et
825 3777 853 3807 ex
868 3763 913 3806 tota
925 3764 997 3808 animis
1010 3759 1054 3815 turi,
1063 3769 1083 3804 ot
1097 3773 1124 3805 aa

390 3831 402 3864 7
