2734 4314
527 419 678 481 MARCUS,
701 423 747 472 Xl.

155 532 349 591 mundiceuteeei,
359 529 465 588 Confide,
476 545 561 592 surge;
578 545 619 577 vo·
652 529 773 585 Dominus,
790 537 813 578 et
824 531 847 580 iu
858 533 981 596 templumr
1007 549 1115 598 quuruqut

153 609 224 646 cutte.
652 595 845 657 circumspexisset
870 599 951 653 omnia,
979 605 1002 646 et
1025 615 1116 662 vespera

183 659 282 723 501pse
299 655 361 714 verd,
379 659 467 720 abjecto
484 657 553 719 pollio
570 672 617 713 suo,
647 659 695 720 jam
714 659 769 706 hora
787 667 852 715 esset,
874 662 926 708 abiit
941 663 969 710 sd
985 663 1116 712 Betlrauiaro

153 741 218 786 quum
229 724 368 776 surrexisset,
380 723 445 769 venit
456 723 484 767 ad
495 721 581 770 Jesum.
652 737 703 768 cum
714 721 757 768 illis
769 723 892 772 duodecim.

183 792 211 836 51
231 788 264 834 Et
281 787 420 848 respondens
437 786 493 832 dixit
508 785 529 831 ei
545 784 618 839 Jesus,
687 790 716 831 12
734 786 765 832 Et
776 795 865 848 postero
877 789 918 842 die,
935 805 1002 856 quum
1019 791 1116 839 exissent

154 852 265 906 Quidvis
284 852 322 898 tibi
341 849 443 896 faciam?
475 847 562 896 Caecus
579 865 619 894 au·
653 848 877 905 Bethanidesuriit-

154 923 197 962 tem
214 917 245 963 ait
262 917 289 968 ei,
308 914 418 968 Rabboni
437 921 462 959 ut
477 913 551 959 visum
562 911 618 959 reci-
687 917 716 959 13
734 914 855 975 Quumque
865 917 942 978 procul
953 917 1042 965 vidisset
1052 917 1117 966 ficum

155 981 217 1042 piam.
651 975 768 1023 habentem
779 978 838 1032 folia,
856 981 918 1026 venit
933 983 1024 1028 visurus
1040 983 1118 1029 videli-

185 1049 216 1091 52
231 1043 300 1092 Jesus
311 1049 385 1088 autem
398 1041 454 1087 dixit
464 1040 492 1094 ei,
504 1039 555 1094 Abi,
564 1038 619 1086 fides
652 1047 688 1087 cet
699 1056 753 1086 uum
769 1041 879 1089 inveniret
895 1043 976 1104 aliquid
991 1043 1071 1094 in'eas
1095 1054 1119 1094 et

155 1107 338 1154 tuateservavit.
370 1105 450 1152 Statim
459 1104 528 1165 igitur
538 1104 620 1165 recepit
652 1119 721 1164 quum
734 1106 832 1151 venisset
848 1106 876 1152 ad
892 1121 947 1161 earn,
965 1109 1017 1154 nihil
1034 1109 1118 1158 invenlt

156 1173 232 1226 visum,
252 1179 275 1218 et
294 1170 425 1230 sequebatur
444 1167 523 1216 Jesuur
541 1167 619 1214 inille
652 1169 693 1214 nisi
711 1167 770 1224 folia,
788 1171 909 1216 nonenim
925 1179 974 1217 erat
989 1173 1109 1234 ternpusil

156 1237 253 1282 itinere.v
652 1247 727 1278 cuum.

687 1299 716 1342 14
733 1293 800 1343 Tunc
821 1297 956 1358 respondeus
978 1298 1045 1347 Jcsus
1063 1300 1119 1350 dixit

315 1360 391 1410 CAP.
411 1359 459 1410 x1.
650 1357 709 1414 ficui,
729 1360 767 1407 Ne
783 1361 877 1423 amplids
893 1377 922 1410 ex
940 1370 962 1410 te
979 1365 1002 1410 in
1019 1365 1117 1412 secu‘tm

217 1427 297 1474 UUM
319 1439 394 1472 autern
419 1423 621 1486 appropinquarent
652 1424 766 1485 quisquam
777 1425 874 1474 fructum
884 1429 991 1474 comedat.
1028 1427 1059 1475 Et
1076 1431 1118 1478 lroc

159 1434 219 1602 Q
240 1489 407 1551 Hierosolymis
424 1489 453 1534 ad
472 1487 619 1549 Bethphagen
653 1489 769 1534 audierunt
779 1489 879 1552 discipuli
890 1493 944 1554 ejus.

156 1563 177 1602 et
219 1555 336 1609 ethaniam,
356 1553 415 1614 apud
433 1559 533 1599 montem
553 1552 619 1598 Olea·
688 1555 717 1599 15
735 1552 836 1599 Veniunt
846 1555 915 1616 igitur
927 1555 1116 1618 Hierosolymam.

158 1635 211 1672 rum,
222 1620 281 1665 misit
293 1619 349 1665 duos
359 1633 372 1664 e
383 1616 496 1678 discipulis
507 1615 568 1672 suis;
654 1615 685 1662 Et
692 1616 808 1678 ingressus
816 1615 883 1665 Jesua
891 1621 914 1665 in
921 1627 965 1666 tem
982 1621 1034 1674 lum,
1044 1623 1117 1682 coepit

187 1683 252 1730 2Et
263 1682 315 1728 dicit
325 1682 364 1736 eis,
381 1681 451 1728 Abite
465 1681 489 1726 ia
500 1679 574 1725 vicum
582 1679 619 1740 qui
653 1681 731 1741 ejicere
749 1697 788 1728 eos
806 1682 845 1742 qui
865 1683 964 1730 vendeba
1010 1692 1034 1730 et
1054 1700 1115 1731 eme-

157 1748 216 1794 robis
227 1755 262 1794 est
272 1762 301 1793 ex
311 1747 418 1793 adverso:
437 1755 461 1790 et
469 1743 543 1790 statim
552 1751 576 1789 ut
585 1745 619 1789 in·
653 1745 705 1790 bant
716 1745 738 1790 in
750 1745 849 1807 templo;
871 1753 895 1792 et
910 1762 998 1794 mensas
1012 1762 1116 1794 nummu-

155 1812 283 1873 grediemini
294 1811 317 1856 in
328 1825 387 1863 eum,
405 1807 523 1856 invenietis
536 1808 619 1868 pullum
653 1808 757 1856 lariorum
769 1816 792 1854 et
802 1810 915 1856 cathedras
926 1811 1068 1856 vendentium
1078 1827 1116 1857 co·

156 1877 254 1936 ligatum,
271 1875 294 1921 in
305 1891 349 1934 quo
361 1873 436 1919 nullus
452 1871 567 1917 hominum
584 1887 619 1918 se-
653 1872 738 1918 lumbas
750 1873 870 1918 subvertit:

155 1941 202 1986 dit:
222 1939 301 1986 solvite
311 1953 363 1984 eum
374 1943 398 1984 et
408 1935 517 1982 adducite.
688 1939 717 1982 16
734 1935 785 1982 Nec
804 1937 888 1982 sinebat
904 1942 929 1981 ut
946 1937 1061 1997 quisquam
1078 1939 1117 1985 de·

185 2008 202 2050 5
220 2000 288 2057 Qudd
305 2003 372 2064 siquis
388 2001 452 2046 vobis
469 1999 554 2054 dixerit,
573 1996 621 2046 Cur
653 2007 751 2062 portaret
761 2015 801 2046 vas
811 2016 851 2062 per
862 1999 976 2062 tempium.

155 2065 294 2114 hocfecitis?
310 2067 382 2119 dieite,
401 2063 515 2118 Quoniam
526 2079 553 2109 eo
565 2079 620 2124 opus
687 2067 716 2111 17
733 2063 766 2110 Et
777 2065 875 2120 docebat,
892 2065 966 2112 dicens
977 2065 1016 2120 eis,
1034 2065 1118 2113 Nonne

155 2139 188 2178 est
199 2131 315 2178 Domino:
334 2137 357 2176 et
368 2144 420 2174 cum
432 2128 506 2174 statim
517 2128 619 2174 bucmit·
654 2128 813 2190 scriptumest,
830 2130 921 2175 domum
937 2145 1009 2176 meam
1027 2130 1116 2176 domum

156 2203 193 2242 tet,
652 2193 785 2254 precationis
805 2201 909 2239 vocatum
931 2193 956 2239 iri
974 2195 1000 2240 ab
1017 2195 1118 2242 omuibus

186 2258 329 2305 4Abierunt
348 2257 424 2318 igitur,
447 2263 471 2302 et
489 2256 621 2302 invenerunt
652 2256 772 2317 gentibus?
789 2273 830 2304 vos
838 2264 967 2304 autemeam
975 2257 1058 2304 fecistis
1067 2275 1116 2320 spc-

157 2323 239 2384 pullum
250 2323 344 2384 ligatum
355 2322 384 2367 ad
395 2321 476 2366 ostium
487 2321 540 2366 foris
552 2321 574 2365 iu
587 2321 620 2366 bi·
653 2321 741 2364 luncam
752 2319 870 2365 latronum.

158 2388 193 2433 vio
199 2404 207 2443 ;
224 2395 247 2432 et
258 2387 374 2432 solverunt
385 2400 445 2431 eum.
688 2387 717 2428 18
735 2383 767 2428 Et
773 2385 815 2429 boc
823 2384 939 2428 audierunt
948 2383 1032 2430 scribae
1040 2390 1061 2430 et
1070 2385 1114 2446 pri·

188 2455 203 2498 5
219 2450 382 2511 Tuncquidam
391 2464 469 2496 eorum
480 2445 516 2508 qui
528 2448 571 2494 illic
582 2448 621 2494 ad·
653 2447 716 2494 marii
728 2447 859 2500 sacerdotes,
877 2455 899 2493 et
912 2449 1046 2507 quaerebant
1061 2463 1116 2508 quo·

157 2515 246 2570 stabant,
258 2514 362 2560 dixerunt
373 2514 412 2569 eis,
431 2512 492 2567 Quid
503 2512 573 2559 facitis
584 2512 621 2574 qui
654 2512 720 2557 ruodo
732 2527 783 2557 eum
794 2511 925 2573 perderent:
945 2512 1051 2558 timebant
1059 2514 1117 2558 enim

158 2579 241 2625 solvitis
251 2575 358 2640 pullum?
652 2591 711 2630 eum,
739 2577 791 2636 quia
812 2582 860 2622 tota
878 2577 941 2623 turba
962 2576 1118 2638 percellebatur

188 2641 267 2704 b'Ipsi
289 2639 343 2688 verd
367 2641 471 2687 dixerunt
497 2639 529 2686 eis
556 2647 622 2701 prout
653 2656 720 2701 super
731 2637 831 2687 doctrina
842 2641 917 2702 ipsius.

158 2704 270 2754 mandirat
288 2704 372 2754 lesus:
398 2712 422 2752 et
439 2705 476 2752 atti
493 2705 622 2751 dimiserunt
688 2708 718 2752 19
735 2705 813 2758 Quum
824 2702 1117 2768 verdvesperaadvenisset,

157 2787 201 2816 eoa.
653 2783 755 2831 egressus
766 2777 800 2816 est
810 2769 878 2818 Jesus
888 2779 952 2816 extra
963 2771 1046 2818 urbem.

188 2837 202 2882 7
220 2831 621 2895 Adduxeruntigiturpullumadle·
686 2838 717 2880 20
734 2833 767 2880 Et
785 2830 850 2880 mand
868 2835 910 2881 iter
925 2835 1032 2880 facientes
1048 2851 1117 2896 prope

158 2913 212 2953 sum,
223 2906 246 2944 et
256 2900 380 2962 injecerunt
391 2898 411 2944 ei
422 2899 488 2960 pallia
498 2913 544 2952 sua,
556 2903 579 2944 et
586 2897 621 2942 in·
653 2895 725 3007 tipum,
742 2899 844 2945 viderunt
855 2915 904 2946 eam
915 2900 1027 2945 exaruisse
1038 2900 1116 2944 radici-

158 2963 250 3009 sedltei.
611 2982 613 2988 ·
653 2969 696 3007 ts.

189 3031 204 3072 8
222 3027 290 3072 Multi
302 3023 357 3072 vero
368 3025 433 3086 pallia
444 3041 484 3071 sua
497 3031 622 3071 straverunt
686 3029 713 3071 21
733 3025 799 3072 Tunc
806 3026 933 3072 recordatus
941 3024 1022 3070 Petrus
1028 3025 1083 3070 dixit
1091 3025 1117 3078 ei,

159 3105 196 3154 per
205 3091 277 3137 viarn:
297 3091 333 3136 alii
345 3098 420 3135 autem
436 3089 526 3135 frondes
543 3089 621 3134 caede·
654 3089 731 3143 Rapui,
748 3104 800 3134 ecce
816 3088 871 3133 ficus
888 3089 925 3133 illa
940 3088 975 3132 cui
986 3089 1118 3148 imprecatus

158 3155 209 3201 baut
227 3170 256 3201 ex
274 3155 395 3208 arboribus,
414 3161 438 3200 et
455 3153 582 3200 sternebant
600 3153 622 3197 in
654 3151 781 3198 esexaruit.
1034 3189 1037 3193 .

159 3219 222 3265 viam.
686 3220 717 3261 22
735 3215 767 3260 Et
779 3214 913 3274 respondens
926 3211 993 3260 lesus
1009 3213 1062 3259 dnit
1079 3214 1118 3266 eis.

190 3288 204 3330 9
221 3282 253 3328 Et
263 3283 300 3342 qui
312 3282 432 3343 praeibant,
449 3280 531 3341 quique
543 3295 621 3340 seque·
656 3279 743 3326 Habete
754 3279 820 3324 tidem
832 3277 886 3324 Dei.

158 3346 241 3400 bantur,
256 3347 388 3398 clamabant,
405 3345 510 3398 dicentes,
528 3343 622 3390 Hosan-
687 3348 718 3390 23
735 3343 810 3389 Amen
829 3343 889 3389 enim
908 3341 957 3388 dico
977 3341 1046 3395 vobis.
1068 3357 1104 3402 qur

160 3425 192 3462 rra,
209 3411 337 3459 benedictus
355 3409 392 3470 qui
412 3409 474 3456 veuit
491 3409 513 3454 in
533 3407 623 3454 nornine
659 3423 741 3468 runquc
753 3407 832 3454 dixerit
845 3406 916 3452 monti
932 3405 989 3459 huic,
1007 3404 1075 3452 Tolle
1089 3415 1116 3461 te,

161 3470 268 3522 Domini!
344 3473 346 3478 ⁸
378 3474 384 3482 “
653 3474 736 3534 projice
747 3480 769 3518 te
780 3472 803 3517 iu
819 3486 894 3527 mare;
917 3486 958 3516 nec
974 3470 1117 3518 addubitare·

192 3541 221 3582 10
237 3537 386 3583 Benedictum
393 3551 488 3596 regnum
495 3535 562 3596 patris
569 3550 622 3580 nos·
655 3536 682 3582 rit
701 3537 724 3582 iu
744 3536 810 3581 corde
830 3551 877 3588 suo,
895 3534 933 3580 sed
951 3533 1067 3581 crediderit
1083 3535 1118 3582 lua

159 3601 185 3644 tri
198 3600 279 3654 David,
291 3599 352 3660 qudd
362 3601 425 3645 veuit
435 3599 458 3644 in
470 3599 559 3644 nomine
571 3597 623 3644 Do·
654 3608 703 3645 tura
714 3615 770 3660 quae
779 3599 837 3652 dicit,
846 3597 884 3644 flet
892 3597 912 3643 ei
921 3598 1023 3658 quicquid
1032 3599 1116 3646 dixerit

162 3665 224 3711 mirii:
245 3663 363 3714 Hosauua
379 3664 447 3724 Oqut'
454 3679 476 3709 es
485 3664 507 3708 in
516 3664 582 3709 coelis
591 3661 622 3708 al·
687 3667 718 3708 24
737 3662 858 3722 Propterea
868 3661 917 3707 dico
928 3663 997 3716 vobis,
1006 3679 1115 3724 quaecun-

161 3722 261 3776 tiuiniis!
655 3743 698 3785 que
709 3733 824 3786 precautes
834 3727 913 3786 petitis,
931 3727 1012 3775 credite
1029 3743 1069 3774 vos
1080 3742 1113 3775 at·

193 3794 216 3836 11
239 3791 270 3838 Et
275 3805 392 3850 ingressus
398 3796 433 3834 est
441 3789 622 3848 Hierosolpmem
655 3799 764 3848 cepturos,
776 3797 799 3836 et
809 3798 874 3837 erunt
885 3791 952 3838 vobis.

383 3857 416 3900 53
