2756 4320
543 403 706 460 JUANNES,
729 402 773 452 IV.

201 514 235 564 24
248 505 319 561 Heus
330 517 366 556 est
377 509 492 572 Spiritus:
512 509 583 569 etqui
601 509 641 555 sd·¹
671 511 814 566 oedr'cestr's,
832 509 901 560 Gertd
918 514 975 562 distr
993 513 1046 562 milti
1065 515 1142 564 mu

174 582 235 630 cunt
247 591 307 628 eum.
318 581 408 636 oportet
420 581 446 620 ut
457 573 535 635 spiritu
546 588 571 619 ac
583 573 641 619 seri·
672 589 728 636 quae
738 574 788 620 feci.

176 649 218 688 tate
235 640 330 687 notent
706 641 739 684 40
756 637 834 692 Quum
845 655 900 701 ergo
911 641 1025 688 renium
1041 642 1069 690 sd
1087 657 1140 689 enen

215 705 237 751 5
255 702 321 749 Dicit
332 701 353 748 ei
364 701 451 754 mulier,
470 699 522 747 Scio
535 699 642 746 Messium
675 701 812 756 Samaritani,
836 702 944 765 rugirent
964 721 1016 751 eum
1035 716 1061 752 ut
1081 705 1139 768 spud

178 773 294 814 venturum
324 766 374 828 (qui
402 765 483 811 dicitur
509 762 642 822 Christus);
673 765 732 828 ipsos
744 774 859 823 maneret3
870 769 1078 816 etmansitibiduos
1086 769 1140 818 des.

178 846 244 893 quum
256 830 343 876 venerit
362 829 406 884 ille,
423 829 486 874 nobis
504 828 644 874 annunciabit
706 832 735 876 41
756 829 792 876 Ac
813 831 885 877 multo
905 831 980 892 plures
998 834 1138 882 crediderunt

179 895 259 942 cnruie.
675 901 765 956 propter
776 909 901 940 sennonem
913 895 988 956 ipsius.

210 961 241 1005 26
259 956 324 1004 Dicit
334 957 355 1002 ei
366 955 440 1009 Jesus,
453 955 507 1018 Ego
518 956 538 1002 s's
545 954 644 1015 numqui
707 960 740 1002 42
757 956 790 1003 Et
808 957 838 1002 illi
855 959 941 1004 mulieri
960 959 1067 1014 dicebant,
1086 959 1140 1007 Non

180 1022 257 1083 inquot
268 1021 315 1068 tibi.
676 1017 771 1082 emplirls
781 1028 872 1082 propter
882 1028 933 1068 tuos
943 1037 1057 1070 sermones
1070 1025 1140 1070 cresli·

211 1089 242 1133 27
261 1084 351 1131 Interea
360 1080 414 1130 verd
425 1089 534 1130 uenerunt
544 1082 592 1145 ejus
600 1081 645 1128 dis·
676 1099 743 1131 mus:
762 1084 803 1145 ipsi
814 1085 874 1130 enirn
885 1085 1015 1138 audirimus,
1026 1099 1049 1132 et
1060 1088 1142 1135 scimus

180 1149 253 1212 cipuli,
264 1156 287 1196 et
298 1149 371 1194 mirati
381 1155 435 1194 sunt
450 1144 509 1207 qudd
526 1162 577 1192 cum
595 1161 646 1192 mu·
676 1143 850 1194 huncesseverd
859 1148 1000 1196 Servatorem
1007 1149 1069 1196 illum
1077 1165 1143 1198 mun·

181 1213 233 1262 a'ere
249 1214 391 1273 loqueretur:
410 1227 476 1257 nemo
494 1221 568 1257 menen
585 1211 647 1264 dixit,
677 1211 707 1266 di,
720 1209 844 1258 Christum.

182 1277 244 1332 Quid
252 1276 358 1339 quaeris?
368 1283 413 1330 aut,
422 1275 483 1329 Quid
491 1274 587 1336 loqueris
595 1289 647 1320 cum
710 1279 743 1320 45
759 1279 776 1337 1
790 1275 888 1322 Duobus
905 1283 980 1322 autem
999 1272 1050 1338 pdst
1067 1277 1143 1325 diebus

182 1340 228 1388 05?
677 1339 731 1386 exiit
741 1339 893 1394 indoctabiit
903 1341 926 1387 in
939 1341 1069 1389 Galilseem.

214 1409 246 1452 28
262 1403 363 1466 Reliquit
383 1419 438 1466 ergo
461 1401 563 1463 hydriam
585 1417 648 1448 suam
709 1407 742 1450 44
760 1401 811 1465 lpse
821 1405 881 1450 enim
890 1404 957 1452 Jesus
965 1413 1058 1454 testatus
1065 1405 1143 1463 suast,

182 1471 267 1523 mulier,
289 1475 312 1515 et
330 1469 382 1515 abiit
403 1469 426 1514 in
445 1468 529 1521 utitem,
549 1467 648 1527 dixitque
680 1466 814 1529 Prophetsrn
825 1469 848 1515 in
855 1466 895 1515 sui
903 1468 972 1531 patrii
980 1472 1088 1518 honorem
1097 1487 1142 1520 nos

182 1536 229 1596 ejus
241 1533 283 1579 loci
294 1533 425 1586 homimbus,
677 1533 763 1579 habere.

140 1609 143 1614 ·
215 1602 247 1645 29
264 1597 353 1650 Venite,
374 1596 448 1644 videte
468 1595 582 1641 hominem
608 1593 645 1654 qui
710 1599 742 1644 45
759 1597 836 1650 Quum
848 1614 903 1659 ergo
920 1598 1018 1646 venisset
1032 1614 1056 1646 rn
1076 1599 1139 1647 Gslr·

183 1661 239 1708 dixit
246 1661 300 1707 miri
310 1675 454 1721 quaecunque
461 1659 518 1705 fecis
538 1673 590 1705 num
607 1659 650 1704 iste
678 1659 754 1712 locant
763 1669 898 1722 exceperunt
904 1677 956 1708 eum
966 1663 1066 1717 Galilaei,
1073 1678 1142 1723 quum

183 1733 218 1774 est
231 1723 334 1772 Christus
344 1723 399 1770 ille?
679 1725 754 1771 omnia
763 1725 870 1771 vidissent
878 1741 934 1786 quse
940 1725 1022 1772 fecerat
1032 1725 1143 1772 Hieroso·

216 1794 249 1835 50
266 1789 376 1834 Exierunt
384 1803 440 1850 crgo
448 1801 477 1834 ex
485 1787 648 1841 urbeetvene·
680 1788 746 1848 lymis
756 1789 780 1832 in
790 1788 863 1834 sesto:
882 1803 934 1834 nam
944 1797 968 1834 et
978 1789 1019 1849 ipsi
1036 1798 1143 1838 venerant

185 1861 238 1900 runt
248 1853 276 1899 ad
286 1868 344 1898 eum.
679 1852 708 1898 ad
718 1850 807 1898 festum.

217 1921 247 1963 51
266 1915 390 1977 {Interim
398 1923 473 1962 autem
482 1915 590 1977 rogabant
598 1930 649 1961 eum
712 1919 744 1960 46
764 1918 779 1975 q
800 1913 870 1960 Venit
885 1913 954 1976 igitur
972 1913 1040 1963 Jesus
1056 1931 1144 1964 rursum

185 1981 291 2042 discipuli,
303 1981 407 2034 dicentes,
421 1979 499 2032 Rabbi,
510 1979 609 2024 comede.
682 1977 751 2032 Cana,
760 1980 869 2038 oprpr'drun
881 1979 1000 2034 Galilaeae,
1016 1981 1052 2026 ubi
1063 1979 1146 2028 fecerat

218 2049 250 2090 52
268 2043 309 2090 llle
319 2053 393 2090 autem
402 2043 458 2090 dixit
466 2043 505 2096 eis,
517 2042 571 2104 Ego
578 2043 650 2088 cibum
680 2057 709 2092 ex
720 2041 870 2104 aquicinum
905 2043 962 2090 Erat
971 2051 1045 2090 autem
1056 2044 1079 2090 in
1090 2045 1146 2092 urbe

186 2110 255 2156 liabeo
276 2125 319 2170 quo
338 2123 422 2162 vescar,
450 2121 515 2168 quem
537 2122 579 2154 vos
605 2121 651 2153 non
682 2105 837 2168 Capernuumo
864 2108 939 2170 regius
962 2109 1057 2170 qnidam,
1083 2110 1146 2170 cujus

187 2171 263 2219 resistis.
654 2226 656 2232 y
681 2171 739 2218 filius
749 2173 884 2234 aegrotabat

218 2241 250 2282 55
268 2235 378 2282 Dicebant
389 2251 444 2296 ergo
455 2235 554 2297 discipuli
570 2234 605 2280 alii
623 2233 652 2280 ed
714 2239 745 2282 47
763 2233 788 2280 Is
798 2250 865 2294 quum
872 2235 968 2281 audisset
974 2234 1053 2284 Jesum
1060 2237 1147 2284 venisse

187 2301 247 2354 alios,
257 2299 319 2346 Num
331 2301 381 2360 quis
392 2299 465 2346 attulit
475 2299 496 2344 ei
513 2314 557 2359 quo
572 2313 650 2344 resce-
682 2311 711 2346 α
721 2296 808 2346 Judaed
817 2299 841 2342 in
853 2299 981 2352 Gniilaeum,
993 2299 1080 2346 abiitad
1088 2315 1147 2355 curn,

187 2364 264 2412 retur?
344 2398 346 2400 -
682 2370 706 2409 et
716 2377 767 2408 eum
779 2361 866 2421 rogarit
877 2367 901 2407 ut
912 2361 1055 2408 descenderet
1065 2377 1091 2408 ec
1110 2379 1146 2410 ss·

220 2433 252 2474 54
268 2427 332 2474 Dicit
342 2427 375 2474 eis
383 2426 457 2480 Jesus,
479 2425 539 2473 Esca
550 2440 600 2472 mes
617 2430 652 2470 est
683 2424 916 2473 naretsuumfilium:
935 2427 1060 2472 eratenim
1079 2427 1146 2472 mori·
1177 2445 1181 2450 ·

188 2492 277 2552 exsequi
287 2491 425 2538 voluntatem
436 2492 484 2553 ejus
494 2491 531 2552 qui
540 2491 600 2536 misit
608 2505 651 2543 me,
681 2489 775 2537 bunum

188 2563 210 2602 et
220 2555 324 2617 perficere
335 2556 403 2617 ipsius
414 2569 477 2614 opus.
715 2557 746 2598 48
764 2552 830 2600 Dixit
840 2567 895 2614 ergo
906 2551 974 2600 Jesus
985 2553 1012 2607 ei,
1022 2553 1072 2599 Nisi
1082 2555 1146 2616 signa

220 2623 251 2668 55
268 2618 353 2665 Nonne
364 2635 405 2665 vos
416 2619 493 2672 dicitis,
506 2617 587 2664 Adhuc
595 2631 651 2676 qua·
683 2624 707 2665 et
717 2617 825 2664 miracula
834 2618 939 2672 videritis,
952 2633 997 2664 non
1008 2619 1108 2665 credetis

188 2683 303 2730 drimestre
313 2681 653 2744 matiumsuperestetmessis
715 2685 747 2728 49
764 2681 827 2728 Dicit
840 2683 860 2728 ei
881 2683 956 2744 regius
972 2683 1015 2737 ille,
1039 2683 1145 2738 Domine.

188 2747 245 2794 erit?
263 2747 331 2800 Ecce,
340 2747 390 2793 dico
399 2746 467 2800 vobis,
476 2746 569 2792 attollite
578 2745 654 2791 oeulos
683 2745 791 2792 descende
801 2747 927 2808 priusquam
942 2749 1049 2794 moriatur
1064 2763 1146 2810 pueru-

191 2818 283 2864 vestros
301 2817 325 2856 et
341 2817 438 2870 spectate
457 2811 576 2872 regiones;
602 2823 653 2856 nam
683 2808 718 2856 lus
726 2826 795 2856 meus.

189 2875 304 2936 albsejarn
316 2874 406 2920 suntad
417 2889 518 2920 messem.
716 2877 748 2921 50
766 2874 829 2920 Dicit
847 2874 866 2919 ei
888 2875 962 2928 lesus,
990 2875 1062 2929 Vnde,
1088 2876 1147 2922 illius

221 2943 253 2984 56
271 2938 317 2992 Qui
326 2945 399 2984 autem
407 2937 476 2992 metit,
483 2935 607 2982 mercedem
616 2952 653 2983 ec·
684 2944 736 2983 tuus
746 2939 809 2984 vivit
843 2937 943 2984 Credidit
961 2941 1029 2984 iromo
1049 2940 1146 2985 sennoni

189 3002 248 3062 cipit
260 3009 283 3048 et
293 3001 354 3062 cogit
365 3001 461 3046 fructum
472 3000 496 3046 in
508 3000 574 3045 vitam
583 3009 653 3046 eeter-
684 3016 750 3061 quem
761 3001 846 3048 dixerat
857 3001 877 3046 ei
895 3001 978 3056 Jesus3
995 3009 1019 3046 et
1034 3001 1147 3060 proiectus

190 3080 258 3112 namt
278 3071 336 3111 utet
347 3065 383 3126 qui
396 3065 496 3120 seminat,
514 3064 580 3111 simul
596 3080 654 3126 gau·
684 3071 725 3110 est.

192 3129 248 3183 deat.
260 3127 330 3188 etqui
342 3128 412 3174 metit.
658 3176 659 3180 ,
717 3129 746 3174 51
765 3125 816 3173 Jam
824 3131 897 3170 autern
906 3141 933 3170 eo
940 3125 1092 3180 descendente,
1102 3143 1149 3174 ser.

223 3197 255 3238 57
273 3191 334 3238 Nam
345 3192 368 3237 in
384 3193 427 3237 lroc
443 3191 526 3236 dictum
542 3190 596 3238 illud
615 3207 655 3236 ve·
685 3191 708 3236 vi
719 3195 863 3236 occurrerunt
873 3189 900 3240 ei,
912 3199 934 3235 et
951 3188 1148 3246 annunciaverunt,

192 3263 295 3310 nmen,
328 3255 393 3302 Alius
409 3263 443 3302 est
459 3255 496 3315 qui
513 3256 615 3310 seminet,
633 3262 657 3301 et
686 3255 790 3306 dicentes,
804 3251 873 3298 Filius
884 3260 936 3298 tuus
947 3253 1008 3298 vivit

192 3319 247 3366 slins
255 3320 291 3379 qui
303 3320 373 3366 metit.
718 3321 750 3364 52
767 3316 913 3363 Percontatus
924 3325 958 3363 est
969 3331 1024 3377 ergo
1035 3317 1062 3362 ab
1069 3317 1101 3362 eis
1108 3319 1149 3364 lro·

223 3387 255 3428 58
272 3381 471 3444 Egomisivosad
487 3383 512 3428 iu
529 3381 656 3428 metendum
687 3379 788 3442 ramqnis
806 3378 885 3426 melids
903 3382 1021 3426 habueratr
1047 3387 1070 3426 et
1087 3382 1149 3428 dixe·

192 3459 214 3492 ιιι
226 3461 270 3506 quo
281 3462 322 3491 vos
333 3461 377 3492 non
390 3443 504 3492 leboristis
515 3463 520 3491 r
540 3446 576 3490 alii
592 3445 655 3490 labo·
686 3453 739 3492 runt
744 3447 771 3498 ei,
782 3444 839 3490 Heri
848 3446 940 3490 circiter
948 3446 1025 3489 horam
1034 3445 1149 3506 septimam

193 3517 302 3562 ros-eruut,
313 3518 336 3556 et
347 3525 388 3555 vos
398 3510 422 3554 in
432 3509 518 3556 labores
528 3523 605 3554 eorum
621 3509 655 3553 in·
686 3509 767 3555 dimisit
778 3523 828 3554 eum
839 3508 911 3553 febris.

194 3573 283 3618 troistis.
719 3576 751 3619 55
768 3572 870 3632 Agnovit
881 3585 935 3630 ergo
946 3578 1008 3631 poter·
1024 3573 1049 3619 s'd
1061 3571 1150 3632 sactum

225 3639 258 3684 59
274 3639 289 3696 Ί
304 3635 340 3682 Ex
353 3637 406 3682 urbe
417 3643 491 3682 autem
499 3632 537 3680 illi
543 3635 605 3680 multi
615 3635 656 3682 Se·
686 3651 732 3684 esse
742 3633 780 3681 illd
789 3633 837 3696 ipsi
847 3633 907 3686 horsi,
919 3631 962 3694 qui
973 3634 1057 3684 dixerat
1073 3639 1093 3684 el
1109 3635 1149 3687 Je-

196 3699 350 3746 mantuoomm
357 3699 525 3746 credideruntin
532 3713 583 3744 eum
591 3713 657 3758 prop-
687 3714 731 3752 sns,
744 3698 814 3746 Filius
822 3707 873 3744 tuus
881 3698 952 3744 vivit:
971 3701 1151 3765 etcrediditipsq

198 3774 229 3812 tet
239 3775 362 3810 sennonem
373 3762 471 3870 qrgqens
481 3762 546 3817 illius,
559 3763 658 3808 testantis
687 3778 714 3810 ac
724 3763 803 3810 donus
813 3765 860 3826 ejus
872 3769 924 3808 totu.
