2756 4320
574 375 742 424 EPlSTOLA
759 373 866 424 PAULI

273 485 305 528 22
327 479 385 528 tuoe
406 482 474 542 igitur
495 481 652 542 benignitatem
673 495 700 526 ee
731 478 965 540 ipuummntomuis:
990 479 1031 540 ipsi
1047 480 1194 542 eitgbr‘nm

245 545 380 594 meritetem
393 544 454 590 Dei:
479 539 651 604 ineosquidrim
664 544 701 603 qui
733 543 812 588 secula.
846 542 927 588 Amen.

244 609 373 660 ceciderunt,
391 608 544 653 neverltetem:
568 611 591 652 in
609 615 632 652 te
649 605 702 652 verti

242 671 406 732 benignitatem,
426 672 444 716 si
462 670 607 732 permanseris
623 671 646 715 in
662 671 701 716 be·
886 667 959 717 CAP.
983 669 1044 716 Xll.

242 735 365 796 niguitete5
381 735 545 793 elioquinettu
555 734 669 780 excideris
736 731 972 850 ADHORTOR
992 735 1062 796 igitur
1084 751 1132 788 vos,
1151 736 1197 785 lm·

274 802 306 844 23
323 799 367 844 Sed
382 806 406 844 et
424 799 462 852 illi,
479 799 559 854 sinon
575 813 702 859 permame·
831 803 882 850 tres.
894 813 933 857 per
946 797 1097 844 miserationes
1109 799 1161 854 Dei,
1173 812 1196 846 ut

242 862 285 909 rint
302 862 325 908 iu
342 861 475 915 infidelium
494 863 634 908 inserentur:
661 878 703 922 po-
734 860 815 904 sistatis
823 876 916 922 corpore
927 869 999 907 vestra
1009 863 1104 908 hostiam
1116 865 1195 916 vivum,

242 935 292 972 tens
301 941 362 972 eorm
373 935 407 972 est
419 925 484 972 Deus
495 941 581 971 rursum
592 942 631 972 eos
644 926 703 972 insc-
735 929 839 976 sanctam,
858 933 970 985 acceptum
989 925 1048 980 Deo,
1068 927 1191 974 rationalem

242 1005 298 1037 m,
735 986 796 1031 illum
807 987 890 1032 cultum
903 996 1007 1034 vestrum.

276 1058 306 1099 24
324 1053 415 1099 Etenim
426 1054 444 1100 si
456 1053 703 1100 tuexnatunliexscc·
768 1050 832 1096 2’Et
843 1066 871 1097 ne
882 1067 923 1097 vos
936 1052 1191 1113 conliguruteseculoie

243 1133 279 1164 rus
289 1133 311 1164 es
319 1118 420 1171 oleastro,
431 1126 455 1164 et
464 1128 550 1179 praeter
561 1127 661 1164 uotiuum
669 1118 703 1161 in-
735 1114 766 1158 ti:
785 1114 824 1159 sed
835 1115 988 1162 transformste
1001 1132 1042 1162 vos
1052 1133 1091 1177 per
1103 1133 1183 1164 renovo
1194 1145 1197 1152 ·

247 1183 347 1234 e'tusen
365 1183 389 1227 in
410 1197 485 1228 rerem
507 1182 595 1236 oleem3
621 1177 704 1241 quanto
735 1179 819 1223 tionem
829 1180 910 1224 meritis
918 1181 1097 1234 vestroeadhoc
1109 1190 1132 1226 ut
1144 1197 1194 1241 pro·

247 1246 315 1306 ragis
326 1246 340 1289 il
351 1247 388 1304 qui
400 1246 509 1291 naturales
520 1254 571 1291 sunt
581 1246 705 1290 inserentur
734 1242 789 1287 betis
799 1243 895 1302 quaesit
910 1242 1013 1290 voluntas
1030 1243 1074 1290 Dei
1086 1246 1145 1290 bonu
1155 1245 1199 1299 nh.

245 1311 343 1370 propriae
354 1308 434 1354 oleae?
485 1333 489 1340 -
735 1305 973 1367 ecceptamperfectn.

277 1376 308 1418 ⁴25
326 1372 402 1417 Nolim
413 1372 472 1418 enirn
484 1388 524 1417 vos
535 1373 644 1432 ἰςιιοηῐε,
659 1370 703 1417 fre·
767 1372 784 1414 ὅ
800 1366 923 1415 Enimverb
930 1386 969 1431 per
979 1372 1196 1431 gratiamqueemihi

244 1446 294 1486 tres,
304 1436 433 1494 mysterium
445 1437 493 1488 hoc,
516 1444 540 1480 ut
551 1450 579 1480 ne
590 1435 637 1480 sitis
647 1435 705 1496 opud
735 1431 786 1478 dne
801 1440 842 1486 est,
858 1434 921 1478 edico
939 1435 1009 1479 cuivis
1026 1435 1121 1480 versanti
1140 1437 1197 1480 inter

244 1499 390 1558 vosmetipsos
401 1437 522 1558 sapientesb
539 1499 704 1544 obdmetionem
735 1510 783 1549 tou
794 1511 823 1542 ne
833 1498 903 1558 sapiat
913 1495 979 1558 supri
988 1495 1053 1558 quim
1064 1506 1152 1559 oportet
1163 1515 1199 1545 sn·

243 1576 271 1606 ex
293 1571 355 1621 perte
376 1558 453 1607 lsmti
474 1563 580 1616 eveuime,
598 1563 705 1624 untiuper
736 1574 802 1620 prere:
836 1562 875 1605 sed
901 1561 970 1620 sapiat
996 1562 1024 1607 ad
1050 1563 1198 1616 sobrietatem,

244 1625 296 1670 lurn
307 1624 420 1686 plenitudo
430 1625 531 1686 gentium
542 1625 666 1672 introierits
735 1631 802 1684 prout
811 1625 890 1683 cuique
903 1624 966 1670 Deus
983 1627 1074 1686 partitus
1085 1634 1120 1672 est
1133 1641 1197 1672 men·

276 1693 307 1734 26
324 1688 357 1733 Et
366 1689 398 1734 itn
408 1695 468 1734 totus
480 1687 550 1736 lsrael
565 1690 701 1736 servabitur:
736 1701 810 1732 sunm
821 1687 878 1732 fidei.

245 1753 412 1814 sicutscriptum
419 1765 459 1806 est,
472 1751 591 1799 Venietex
603 1753 657 1800 Sion
668 1754 705 1800 ille
767 1753 783 1794 4
796 1750 988 1803 Quemadmodum
995 1753 1053 1798 enirn
1061 1753 1083 1798 in
1093 1769 1137 1798 uno
1146 1769 1197 1799 cor-

243 1816 352 1869 hherator.
368 1825 391 1862 et
401 1825 486 1864 avertet
496 1817 618 1879 impietates
634 1831 648 1864 ι
662 1816 703 1866 Js·
736 1828 790 1874 pore
803 1816 901 1860 membre
918 1816 987 1861 mutu
1003 1817 1113 1869 habemus,
1126 1832 1196 1862 mem-

244 1881 291 1926 ποι),
736 1877 775 1923 bre
786 1875 838 1923 vcro
854 1880 929 1926 omnia
945 1880 1036 1925 eundem
1056 1895 1101 1926 non
1118 1881 1198 1927 hubent

277 1948 307 1990 27
326 1943 357 1989 Et
367 1945 410 1990 hoc
421 1944 463 1990 illis
473 1958 488 1990 a
497 1959 533 1990 me
541 1943 624 1998 foedus,
636 1960 704 2005 quum
736 1943 860 1997 actionem3

245 2007 355 2054 abstulero
366 2015 455 2066 peccato
465 2009 570 2068 ipsorum.
769 2007 784 2050 5
802 2003 838 2051 Ito
848 2006 910 2051 multi
922 2021 991 2051 unum
998 2022 1077 2067 corpus
1088 2023 1165 2052 sumus
1176 2007 1198 2054 iu

283 2075 313 2114 28
337 2069 416 2129 Itaque
436 2071 496 2130 quotl
516 2072 544 2116 ad
564 2072 705 2132 evangelium
739 2065 1050 2131 Christo,singulatimautem
1058 2071 1198 2116 uliialiorum

244 2135 333 2187 attinet,
359 2141 412 2180 sunt
440 2133 521 2180 inimici
548 2143 638 2196 propter
657 2152 704 2190 vos,
737 2133 841 2178 membra.

243 2197 301 2257 quod
318 2197 345 2242 ud
362 2196 491 2242 electionem
508 2205 588 2254 autern,
607 2199 705 2262 diligun-
769 2195 916 2243 (illabentes
937 2203 1011 2244 nutem
1033 2196 1119 2244 diverso
1141 2198 1198 2246 done

244 2268 279 2306 tur
290 2268 379 2322 propter
389 2269 468 2322 putres.
736 2274 777 2320 pro
792 2259 865 2320 gratii
879 2276 935 2321 quse
948 2261 1010 2306 nobis
1027 2261 1078 2306 doto
1093 2269 1133 2314 est,
1150 2263 1199 2308 sive

276 2329 308 2372 99
326 2323 385 2370 Nam
397 2325 455 2372 dona
467 2324 509 2379 illu,
526 2332 549 2372 et
564 2326 602 2372 illa
617 2327 704 2374 vocatio
736 2324 879 2384 prophetiam,
887 2326 1046 2384 prophetemus
1056 2341 1096 2386 pro
1105 2341 1198 2387 propor-

245 2388 289 2434 Dei
301 2389 408 2450 ejusmodi
424 2398 482 2443 sunt,
499 2397 616 2436 uteorum
633 2391 704 2452 ipsum
736 2387 796 2432 tione
806 2386 870 2433 fidei:
1069 2387 1077 2392 '

243 2453 356 2515 poenitere
366 2467 410 2499 non
422 2455 497 2515 possit.
769 2453 783 2497 7
804 2451 856 2497 sive
874 2451 1025 2504 ministerium,
1045 2467 1153 2498 uersentur
1175 2454 1197 2500 in

274 2520 307 2562 30
324 2517 451 2562 Sicutenim
460 2524 482 2562 et
490 2517 647 2577 vosquondam
659 2533 703 2564 non
736 2513 893 2561 ministrando:
920 2523 966 2560 tum
988 2516 1007 2560 is
1028 2516 1064 2575 qui
1084 2516 1155 2570 docet,
1175 2518 1197 2563 in

243 2579 344 2639 paruistis
354 2579 413 2633 Deo,
424 2593 484 2626 nunc
491 2587 565 2625 autem
573 2582 627 2628 estis
635 2583 703 2627 mise-
736 2577 849 2625 docendo:

244 2643 359 2687 ricordiam
387 2643 516 2702 consequuti
543 2657 582 2704 per
611 2645 703 2690 istorum
768 2645 783 2686 8
800 2640 859 2687 Tum
871 2642 907 2702 qui
919 2643 1053 2695 exhortatur,
1063 2643 1085 2688 in
1092 2643 1196 2690 exhorte-

243 2705 418 2750 contumacium:
736 2704 810 2751 tiones
829 2706 865 2766 qui
877 2707 991 2759 distribuit,
1002 2721 1053 2751 curn
1070 2706 1197 2768 simplicitu-

274 2770 303 2812 51
324 2766 360 2812 sic
371 2772 394 2812 et
404 2767 440 2812 isti
451 2782 510 2812 nune
521 2783 566 2813 non
578 2779 703 2828 paruerunt,
736 2775 774 2814 tes
793 2769 830 2829 qui
841 2778 932 2830 praeest,
945 2785 996 2814 cum
1012 2769 1140 2832 diligentiis:
1159 2785 1197 2830 qm

242 2837 268 2875 ut
279 2845 318 2891 per
332 2835 429 2875 vestrum
445 2831 616 2878 misericordium
629 2841 652 2880 et
663 2835 704 2897 ipsi
736 2832 858 2887 miseretur,
869 2848 920 2879 cum
932 2833 1046 2879 hilaritate.

242 2893 412 2939 misericordiam
423 2902 592 2954 consequantur.
768 2900 784 2942 9
800 2895 899 2942 Dilectio
917 2906 962 2943 esto
981 2893 1072 2942 minime
1089 2897 1198 2944 simulate.

273 2961 305 3003 52
323 2955 439 3005 Conclusit
448 2958 508 3004 enim
520 2958 585 3022 Deus
591 2975 669 3006 omnes
677 2961 704 3006 il·
737 2959 816 3006 Estote
831 2961 972 3006 abhorrentes
987 2976 1002 3006 a
1017 2961 1082 3015 molo,
1099 2961 1195 3022 aggluti=

241 3021 274 3069 los
286 3023 307 3069 in
319 3019 463 3079 contumacii.
473 3029 496 3070 ut
507 3023 606 3070 omnium
617 3023 704 3071 illorum
735 3023 781 3068 nuti
792 3024 857 3069 hono.

241 3087 387 3134 misereretur.
769 3090 799 3133 10
816 3084 922 3133 Fraterni
933 3087 1037 3134 charitate
1048 3087 1083 3134 elii
1100 3088 1127 3133 od
1143 3087 1197 3136 aliis

273 3153 305 3196 55
323 3149 474 3210 Oprolundas
490 3151 575 3196 divitias
586 3158 634 3196 tum
645 3153 702 3212 sapi·
734 3151 840 3198 mundos
859 3153 975 3212 propensi;
995 3153 1079 3199 honore
1097 3153 1133 3198 ulii
1150 3153 1198 3199 aliis

240 3215 313 3260 entiae
331 3222 379 3259 tum
398 3214 531 3274 cognitionis
551 3214 614 3262 Dei!
637 3215 702 3276 quim
733 3223 863 3275 praeeuntes
870 3231 879 3272 ς

240 3278 388 3324 uscruubilia
403 3285 454 3323 sunt
465 3281 512 3338 eJus
522 3278 612 3338 judicia,
623 3287 647 3324 et
657 3281 703 3340 ejus
769 3281 794 3323 ll
815 3279 893 3324 Studio
914 3275 1005 3323 minime
1023 3278 1094 3340 pigri3
1119 3281 1197 3340 spzritt

242 3344 290 3387 rite
301 3341 525 3400 impervestigabiles!
734 3339 845 3388 ferventes
851 3359 860 3398 ς
877 3341 978 3388 Domino
990 3344 1126 3397 seruientes3

272 3407 304 3450 34
321 3403 379 3454 Quis
397 3404 457 3450 enim
477 3405 584 3464 cognovit
605 3413 702 3451 mentem
769 3409 802 3456 12,
815 3406 860 3466 Spe
877 3407 1015 3466 gaudentes;
1037 3406 1059 3451 in
1078 3406 1195 3452 afflictione

244 3465 355 3515 Domini?
371 3474 409 3513 aut
420 3467 469 3527 quis
479 3467 499 3512 ei
510 3468 551 3512 fuit
563 3483 576 3513 s
586 3469 697 3514 consilio?
734 3468 869 3524 tolerantes3
886 3470 909 3514 in
920 3471 1019 3515 oratione
1030 3470 1187 3530 perdurantes;

272 3532 304 3576 3⁵
321 3531 369 3576 Aut
379 3531 428 3591 quis
439 3531 498 3592 prior
508 3531 568 3577 (ledit
579 3533 605 3586 ei,
617 3540 640 3577 et
651 3534 701 3578 red·
768 3536 798 3577 13
819 3531 902 3579 Usibus
923 3541 1048 3578 sanctorum
1070 3535 1183 3579 communi

238 3590 354 3637 decursi?
675 3641 677 3646 ,
733 3601 823 3650 centem
840 3595 1009 3656 hospitalitatem
1021 3604 1136 3642 sectantes

271 3658 303 3700 δυ
321 3653 381 3702 Nem
392 3670 421 3701 cx
436 3661 511 3762 mliii
525 3672 633 3718 pereum,
645 3665 668 3705 et
679 3659 701 3705 in
768 3662 797 3704 14
814 3658 942 3706 Benedicite
952 3661 979 3706 iis
989 3660 1074 3719 quivos
1084 3661 1185 3707 insectus>
