2734 4314
515 411 738 469 srAt'rnseus,
756 411 828 465 XXI.

201 527 244 569 orit
260 537 306 576 eoo,
318 528 342 568 et
356 522 395 575 nit,
415 518 481 574 Quid
498 519 564 566 vultis
580 517 659 566 ladam
692 517 874 575 numulariorum,
890 525 914 566 ct
929 520 1044 566 eutbedras
1055 520 1151 568 residen-

194 585 270 632 rubis?
691 583 747 628 tium
758 584 877 637 columbae
889 585 1004 630 subvertit

220 654 252 696 53
268 647 359 696 Dicunt
369 649 398 702 ei,
408 647 517 698 Domine,
527 655 551 692 ut
558 647 658 708 aperian·
726 651 756 692 15
773 647 805 694 Ε1
816 648 872 694 dixit
882 649 920 703 eis,
932 649 1043 708 Scriptum
1050 653 1091 703 est,
1101 647 1148 694 Do

193 721 227 760 tur
235 715 294 760 oculi
305 713 386 759 nostri.
690 725 741 756 nius
757 727 807 758 mca
822 712 902 758 dumus
917 713 1050 773 precationis
1065 713 1153 760 vocabi·

222 783 254 824 54
271 777 477 825 commiseratione.
494 782 568 820 nutem
581 771 659 820 intimi
690 782 743 831 tur;
760 782 782 822 at
802 791 843 822 vos
860 776 943 822 lecistis
960 793 1009 823 enm
1027 777 1152 838 spelunea

194 849 323 894 commotus,
344 840 413 888 Jesns
429 839 504 900 tetigit
522 839 599 884 oculos
617 854 657 885 eo·
689 839 808 885 latronum.

194 913 259 958 rum:
288 913 312 952 et
334 905 410 951 statim
432 904 506 950 uisum
528 909 659 963 receperunt
725 907 753 948 14
771 903 837 950 'l'unc
848 912 958 950 venerunt
969 905 996 950 acl
1004 920 1055 950 eum
1064 905 1152 951 caeeiet

33 995 34 998 =
123 1025 126 1028 Ι
194 970 248 1015 oculi
268 985 367 1024 eorum;
391 975 414 1014 ei
433 969 480 1028 ipsi
498 968 585 1028 sequuti
606 973 659 1013 sunt
689 966 761 1012 claudi
773 968 795 1013 in
807 969 1028 1029 templo,etsauavit
1038 983 1084 1014 eos.

194 1049 250 1080 erum
653 1085 657 1094 ⁵
725 1034 754 1077 15
772 1031 850 1085 Quum
859 1032 1153 1092 vidissentauremprinwt

691 1095 816 1142 sacerdotes
827 1103 850 1140 et
861 1097 943 1141 scribae
951 1096 1050 1142 mimnda
1056 1096 1093 1143 illa
1098 1111 1151 1156 quat

339 1159 414 1209 CAP.
438 1157 512 1206 xxl.
690 1158 780 1213 lecerat,
792 1165 815 1204 et
830 1175 911 1220 pueros
927 1159 1047 1205 clamantes
1058 1160 1081 1206 in
1096 1167 1147 1206 tem

201 1224 352 1343 Etru
369 1221 658 1286 ‘⁰⁹¹¹
690 1222 1015 1349 sentimum
1031 1222 1089 1270 t
1103 1223 1151 1270 ¹³¹·

196 1355 287 1414 phegea,
306 1305 459 1400 adllilontem
477 1352 589 1406 Oleorum,
605 1345 659 1398 tune
727 1355 756 1398 16
772 1351 805 1397 Et
816 1352 956 1406 r'lxemntei,
971 1351 1042 1398 Audis
1055 1351 1107 1412 qnid
1118 1353 1153 1399 isti

195 1415 260 1464 lesus
270 1418 332 1463 misit
342 1417 398 1463 duos
410 1416 529 1476 discipulos
538 1433 546 1472 ;
691 1416 781 1462 dicant?
797 1416 864 1464 Jesus
873 1425 946 1462 autem
954 1417 1009 1463 dixit
1017 1417 1055 1471 eis,
1063 1417 1153 1473 Etiam

227 1481 346 1528 entrefis
357 1481 396 1534 eis,
409 1479 445 1526 Ite
456 1479 657 1539 invicumquivo·
692 1495 805 1540 nunquam
821 1481 914 1542 legistis,
932 1481 970 1527 Ex
987 1497 1026 1528 ore
1037 1481 1153 1528 infantium

194 1546 225 1592 bis
235 1553 270 1592 est
280 1561 309 1592 ex
320 1546 421 1600 adverso,
433 1551 457 1590 et
473 1545 547 1590 statim
558 1544 658 1590 invenie-
691 1551 714 1590 et
724 1545 852 1592 metantium
863 1545 973 1607 perfecisti
984 1545 1090 1592 laudem?

194 1611 221 1654 tis
231 1611 315 1656 asinam
326 1609 426 1671 ligatam,
434 1615 457 1655 et
467 1609 610 1669 puilunncum
621 1605 658 1654 et:
726 1612 754 1655 17
771 1609 805 1656 Et
814 1611 847 1656 eis
859 1609 946 1664 relictis,
958 1611 1010 1656 abiit
1021 1607 1153 1658 Bethauitm

195 1675 306 1720 soluentes
316 1689 359 1727 eos,
371 1674 474 1720 adducite
484 1673 546 1718 mihi.
691 1683 754 1720 extra
765 1675 856 1730 urbem;
873 1681 897 1720 et
907 1675 1030 1720 diversatus
1041 1673 1138 1720 estillic.

224 1743 240 1783 5
258 1738 290 1784 Et
309 1739 377 1798 siquis
394 1738 459 1783 vobis
474 1737 556 1797 aliquid
571 1735 657 1784 dixerit.
710 1735 754 1782 '18
772 1733 869 1798 {Mane
885 1746 960 1784 autem
977 1738 1064 1784 redieris
1080 1737 1103 1783 in
1115 1750 1151 1783 ur-

192 1803 264 1857 dicite,
277 1801 380 1848 Domino
397 1802 432 1847 his
449 1817 504 1862 opus
515 1808 563 1848 est:
583 1801 658 1847 statim
690 1801 747 1854 bem,
759 1802 842 1848 esuriit
934 1807 935 1812 ’

136 1880 138 1884 ·
192 1874 266 1912 eutem
277 1867 351 1913 mittet
361 1882 409 1912 eos.
598 1889 605 1908 r
725 1869 755 1912 19
772 1865 804 1910 Et
815 1881 884 1925 quum
899 1865 990 1912 vidisset
1005 1863 1072 1913 ticum
1083 1880 1154 1926 quan·

224 1935 241 1974 4
259 1929 313 1976 Hoc
323 1939 400 1976 autem
409 1935 480 1976 totum
491 1928 574 1976 factum
583 1935 624 1983 est,
633 1934 659 1974 ut
691 1929 741 1974 dam
753 1929 811 1989 apud
822 1929 887 1984 rimu,
899 1929 961 1976 venit
977 1929 1005 1976 ud
1017 1943 1073 1983 mm,
1085 1936 1107 1974 et
1119 1929 1153 1974 ni·

193 1994 391 2055 implereturquod
408 1994 491 2040 dictum
507 2000 542 2040 est
554 2009 594 2055 per
604 2009 657 2055 pro·
690 1993 721 2038 bil
740 1993 826 2039 invenit
847 1993 870 2038 in
891 1991 918 2039 ei
937 1993 978 2038 nisi
996 1992 1050 2039 folia
1066 1991 1151 2040 solium:

193 2060 287 2120 phetam,
300 2059 418 2112 dicentem,
691 2063 744 2104 tunc
755 2057 809 2104 dicit
818 2058 846 2112 ei,
860 2057 897 2104 Ne
913 2053 1007 2119 amplitis
1020 2071 1049 2103 ex
1059 2063 1082 2103 te
1092 2057 1153 2103 sruc-

225 2125 240 2170 5
260 2122 337 2168 Dicite
356 2122 416 2168 tiliae
434 2122 495 2176 Sion,
516 2120 584 2176 Ecce,
605 2121 658 2168 Rex
691 2123 1001 2169 tnsnascitorinaeternum.
1024 2121 1153 2172 Etexaruit

195 2203 245 2236 tuus
256 2188 318 2233 venit
329 2186 375 2240 tibi,
388 2185 455 2240 mitis,
467 2194 490 2232 et
503 2184 601 2232 insidens
612 2186 656 2231 asi·
689 2183 749 2232 illicd
758 2186 821 2242 ficus.

195 2266 242 2305 uae,
253 2267 278 2296 ac
289 2251 350 2312 pullo
361 2250 432 2298 foetui
444 2251 542 2312 subJugis
553 2251 640 2296 osiiroe.
723 2255 755 2296 20
772 2251 849 2304 Quum
861 2251 928 2312 igitur
939 2252 982 2297 hoc
990 2251 1098 2297 vidissent
1108 2249 1153 2296 dis·

226 2320 241 2364 6
261 2315 359 2361 Profecti
382 2320 457 2360 autem
479 2321 532 2360 sunt
550 2314 657 2374 discipuli,
690 2313 763 2374 cipuli,
773 2315 846 2359 mirati
855 2324 912 2368 sunt,
920 2315 1154 2368 dieentes,Quomodo

195 2377 336 2440 feceruntque
355 2379 414 2425 sicut
430 2375 547 2440 bnperirat
564 2379 596 2424 eis
616 2377 657 2425 Je·
690 2375 749 2424 illicd
760 2379 847 2423 exaruit
857 2377 927 2424 licus!

196 2459 245 2489 sus:
724 2445 752 2487 21
775 2441 923 2502 Respondeas
941 2448 1015 2486 autern
1037 2440 1105 2488 Jesus
1124 2441 1154 2488 att

226 2511 240 2556 7
258 2507 436 2554 Etadduxeruut
443 2506 526 2554 asinam
533 2514 557 2552 et
564 2507 657 2568 pullum,
690 2507 729 2560 eis,
754 2506 828 2552 Amen
847 2506 897 2551 dico
914 2506 983 2556 uobis,
1002 2505 1020 2550 si
1037 2505 1154 2553 habueritis

194 2579 216 2617 et
226 2571 258 2617 eis
268 2573 423 2632 imposuerunt
434 2571 567 2618 vestimenta
577 2586 623 2624 sus,
635 2578 658 2616 et
690 2570 763 2626 fidem,
780 2585 851 2631 neque
862 2569 1046 2624 addubitaveritis,
1059 2583 1104 2615 non
1116 2584 1153 2616 so-

195 2633 329 2682 milociuuut
340 2636 416 2696 disum
427 2650 493 2696 super
503 2650 538 2682 ea.
690 2633 736 2680 lium
748 2636 791 2682 boc
799 2638 859 2696 quod
862 2633 956 2698 fuctum
965 2641 998 2682 est
1004 2633 1055 2680 ficui
1062 2632 1154 2688 iacietis,

227 2703 241 2744 8
259 2700 360 2746 Plurima
370 2706 444 2746 autem
456 2700 520 2746 turba
531 2705 657 2745 straverunt
689 2697 768 2746 renim
787 2701 853 2746 etism
873 2700 891 2746 si
908 2700 979 2748 monti
996 2699 1033 2745 isti
1048 2699 1154 2753 dixeritis,

198 2765 326 2810 uestimenta
337 2764 411 2811 suain
422 2760 473 2809 viri:
493 2764 529 2810 alii
540 2760 595 2810 verri
606 2778 656 2810 cue·
691 2763 793 2817 Tollitur,
805 2774 828 2810 et
838 2766 952 2826 projicitur
962 2765 984 2811 in
995 2779 1063 2818 mare,
1075 2762 1121 2810 fiet

196 2827 273 2874 debant
284 2843 358 2874 rainos
370 2842 398 2874 ex
409 2828 528 2883 arboribus,
536 2834 560 2873 et
571 2833 656 2874 sterne·
723 2833 754 2874 22
771 2828 804 2875 Et
811 2845 954 2890 quaecunque
962 2828 1073 2890 pretaudo
1083 2827 1153 2889 petie·

129 2939 133 2952 ¹
194 2890 330 2938 bautinvit.
691 2893 744 2946 ritis,
756 2893 775 2938 si
786 2893 927 2947 credideritis,
939 2893 1057 2954 accipietis.

222 2953 657 3017 9Porrdturbaquaepraeibat,etquae
722 2961 754 3006 25
777 2957 885 3019 {Quum
912 2965 986 3002 nutem
1012 2957 1110 3002 venisset
1131 2955 1153 3000 in

196 3021 330 3079 sequebatur,
342 3020 456 3073 clamabat,
468 3021 550 3075 diceus,
564 3019 656 3066 Hosan-
689 3022 803 3082 templum,
820 3021 917 3082 primarii
935 3021 1061 3066 sacerdotes
1076 3025 1098 3064 et
1119 3033 1151 3065 se-

197 3098 225 3130 na
237 3083 293 3130 Filio
305 3084 394 3133 David!
412 3085 540 3132 benedictus
548 3084 585 3144 qui
597 3085 659 3131 venit
690 3087 764 3131 uiores
781 3083 857 3144 populi
875 3099 927 3129 eum
949 3085 1066 3128 docentem
1092 3091 1149 3131 odie.

196 3145 217 3194 iu
229 3149 317 3196 nomine
329 3147 438 3210 Domni,
457 3147 573 3202 Hosnnna,
589 3149 659 3209 Oqut'
690 3156 748 3201 runt,
766 3148 870 3200 dicentes,
888 3143 941 3198 Qut
957 3147 1086 3192 auctoritate
1100 3145 1153 3192 lucto

196 3226 216 3257 es
228 3212 250 3257 in
261 3214 327 3259 coelis
338 3211 463 3260 altissimis!
690 3211 750 3258 ista?
767 3211 849 3270 etquis
861 3211 898 3255 tibi
910 3209 970 3255 dedit
980 3210 1044 3254 istam
1057 3210 1144 3254 auctori

229 3279 259 3322 10
275 3276 308 3324 Et
318 3292 387 3337 quum
399 3275 512 3322 introisset
522 3275 656 3336 llierosely-
692 3274 780 3322 tatem?

199 3352 259 3395 neni,
271 3348 384 3387 commota
394 3347 428 3386 est
437 3341 540 3387 universa
552 3341 606 3392 urbs,
624 3341 657 3385 rti-
723 3343 755 3386 24
774 3338 922 3400 Respoudem
941 3333 995 3384 verri
1012 3335 1079 3385 Jesus
1101 3337 1150 3384 iub

198 3415 253 3458 tens
266 3403 325 3458 Quis
335 3412 371 3450 est
381 3404 436 3450 hic?
690 3405 728 3460 eis,
741 3403 889 3466 interrogabo
899 3417 939 3450 vos
947 3409 970 3449 et
977 3418 1020 3463 ego
1029 3417 1075 3448 rem
1083 3418 1140 3462 qum

229 3470 255 3514 11
274 3468 351 3514 Turba
365 3476 439 3514 autem
456 3468 549 3521 dicebat,
565 3467 612 3513 Hic
624 3476 658 3514 est
690 3469 758 3526 dam3
775 3469 874 3529 quamsi
890 3467 989 3514 dixeritis
1005 3467 1065 3521 mibi,
1082 3468 1151 3512 dicam

202 3541 261 3582 lasus
272 3532 310 3577 ille
325 3534 432 3594 propbeta
448 3539 510 3578 ortus
528 3529 659 3579 Nazarethti
690 3541 713 3578 et
723 3549 767 3595 ego
778 3533 841 3579 vobis
858 3529 901 3592 quir
917 3531 1047 3578 auctoritate
1063 3532 1104 3579 ista
1120 3532 1150 3579 ia·

197 3596 248 3643 trite
261 3595 381 3642 Galilaeae.
691 3598 761 3643 cium:

229 3663 258 3705 12
270 3663 287 3720 1
295 3659 328 3706 Et
336 3659 436 3708 introivit
444 3659 511 3707 lesus
518 3675 541 3706 m
550 3659 657 3720 templum
724 3665 755 3707 25
772 3659 887 3720 Baptisma
903 3657 1003 3714 Joannis,
1018 3659 1077 3706 unde
1092 3670 1153 3716 erat,

199 3721 248 3776 Dei,
259 3729 283 3769 et
293 3724 357 3785 ejecit
369 3739 446 3770 omnes
457 3725 494 3785 qui
503 3723 627 3770 vendebant
635 3732 656 3770 et
691 3741 704 3771 e
715 3723 784 3778 coelo,
796 3739 824 3769 an
836 3739 864 3770 ex
875 3724 1019 3772 bominibus?
1037 3723 1107 3770 Atilii
1118 3737 1152 3770 rn-

209 3788 230 3841 μὶ
247 3787 392 3834 emebautin
410 3789 509 3897 1ξὲιυίος
527 3803 658 3850 mensaeque
692 3789 853 3835 tiocinabautur
872 3790 930 3850 apud
949 3805 980 3844 se,
1002 3788 1107 3838 dicentes,
1128 3785 1152 3834 8
1200 3837 1203 3840 ,
