2720 4312
479 337 527 384 AD
545 338 736 396 HEBRAEOS,
759 340 803 398 tv,
821 342 851 389 V.

168 450 240 486 aneti
253 445 267 486 ii
280 443 322 502 qui
333 445 440 488 emerant
451 455 481 488 ex
491 441 645 504 Aegyptcper
675 442 719 490 inm
736 446 840 506 requiem,
857 448 934 508 nequis
949 448 972 494 in
989 450 1046 497 idem
1058 453 1137 500 incidat

171 501 260 550 Mosen.
437 556 440 562 ,
676 511 826 556 contumaciae
837 512 970 573 exemplum.

201 570 230 614 17
250 569 345 624 Quibus
351 577 429 616 autem
437 567 536 616 infensus
542 569 583 616 suit
590 585 644 630 que·
711 575 740 616 tn
759 572 830 620 Vivus
840 577 899 622 enim
911 584 943 622 est
956 593 1029 624 sermo
1046 577 1099 633 Dei,
1116 590 1137 626 et

168 630 273 692 draginta
285 633 373 680 annis?
395 648 470 679 nonne
481 633 508 678 iis
518 634 555 694 qui
566 649 644 694 pecca·
676 635 760 690 efficax,
777 645 800 684 et
815 641 964 699 penetrantior
974 643 1053 703 quovis
1063 643 1137 705 gladio

168 704 255 767 perant,
272 714 376 758 quorum
393 713 488 759 corpora
503 697 647 744 conciderunt
676 700 771 760 ancipiti,
790 708 813 747 et
831 704 937 766 pertingit
953 721 1022 767 unque
1038 707 1067 754 ad
1082 709 1137 753 divi·

168 772 190 804 tn
202 759 314 811 deserto?
677 763 761 810 aionem
770 765 855 812 animae
864 767 898 812 sin
906 768 929 815 nl
937 784 963 815 ac
972 771 1067 831 spiritdn,
1076 787 1138 817 com·

203 826 233 870 18
253 825 348 880 Quibus
359 832 436 872 auteur
447 824 533 886 juravit
545 839 594 875 non
610 824 645 870 in·
676 841 802 888 pagumque
818 837 841 874 et
856 831 1017 891 medullarum
1040 845 1062 881 et
1081 836 1139 898 diju-

169 902 293 950 gressuros
311 891 336 936 in
353 889 452 950 requiem
469 901 538 944 suam,
560 887 603 935 nisi
619 887 647 934 iis
678 891 736 936 dicat
762 893 908 953 cogitationes
934 903 958 942 et
984 899 1139 962 conceptiones

170 952 206 1012 qui
218 968 268 999 non
280 951 431 1000 obedierant?
677 955 757 1000 cordis.

205 1020 236 1063 19
254 1017 293 1063 Et
301 1019 403 1064 videmus
410 1030 455 1062 non
464 1014 644 1078 potuisseingre·
712 1021 741 1064 13
758 1017 808 1065 Nec
824 1026 858 1066 est
877 1019 922 1068 ulla
940 1037 975 1068 res
994 1033 1067 1071 creata
1084 1041 1140 1088 quar

172 1077 302 1142 {propter
313 1081 497 1128 incredulitatem.
678 1095 723 1127 non
734 1082 850 1130 manifesta
860 1083 1137 1150 sitinconspectuipsirut

676 1143 722 1191 imd
733 1147 808 1193 omnia
817 1155 871 1194 sunt
882 1149 941 1194 nuda
951 1157 974 1195 et
981 1152 1077 1211 petentia
1085 1169 1139 1200 ocu·

326 1261 327 1264 ¹
343 1206 418 1256 CAP.
437 1205 480 1253 IV.
677 1208 704 1254 lia
715 1210 762 1270 ejus
773 1211 861 1270 quicum
873 1213 936 1258 nobis
946 1221 981 1260 eat
992 1215 1113 1276 negotium.

175 1272 431 1391 'RIETUAMUS
442 1273 516 1333 igitur,
530 1269 646 1331 nequando
707 1277 736 1318 rt
749 1273 863 1322 Habentes
869 1275 937 1336 igitur
943 1277 1068 1337 pontificem
1075 1295 1139 1342 mag.

217 1329 221 1342 '
282 1335 387 1383 derelicti
398 1336 544 1398 promissione
561 1336 645 1381 introii-
678 1350 738 1390 num,
750 1338 786 1396 qui
796 1341 918 1398 penetravit
926 1339 1092 1395 coelosJesum
1101 1343 1139 1390 Fr-

176 1401 229 1447 andi
242 1403 267 1448 in
280 1402 378 1462 requiem
390 1401 443 1462 ejus,
459 1401 558 1446 videntur
569 1399 646 1460 aliquis
678 1401 731 1446 lium
744 1400 795 1455 Dei,
814 1411 928 1450 teneamus
943 1406 1004 1452 trono
1020 1406 1139 1468 professio·

176 1464 497 1524 utvobisiuissesrustratus.
678 1480 736 1511 nem.
769 1518 771 1523 ,

209 1533 225 1576 2
244 1530 338 1576 Etenim
348 1528 646 1588 nobisevangeii'zatumest,
712 1533 739 1576 15
758 1529 812 1576 Non
823 1531 881 1577 enim
893 1533 998 1580 habemus
1014 1534 1139 1597 pontificem

177 1593 236 1638 sicut
246 1603 271 1640 et
282 1593 339 1638 iilis:
364 1604 387 1639 at
404 1607 449 1638 non
459 1592 542 1653 profuit
552 1593 595 1638 ibis
605 1607 645 1638 au·
677 1594 714 1654 qui
727 1609 771 1640 non
783 1595 852 1654 possit
868 1597 925 1642 affici
943 1613 1008 1644 sensu
1025 1599 1140 1646 infirmita·

177 1657 239 1704 ditus
257 1673 337 1711 sermo,
356 1665 380 1703 ut
391 1657 428 1718 qui
439 1655 482 1702 tide
492 1663 645 1716 contempera·
677 1666 724 1703 tum
738 1665 868 1712 nostrarum,
886 1662 924 1706 sed
937 1669 1045 1708 tentatum
1057 1664 1078 1708 in
1090 1679 1138 1709 om·

179 1733 215 1766 ¹urs
227 1722 275 1768 nori
291 1721 359 1767 fuerit
373 1721 431 1782 apud
449 1719 498 1766 iilos
516 1721 552 1780 qui
569 1721 644 1767 audie·
677 1722 740 1766 nibus
761 1722 867 1775 similiter,
889 1724 970 1784 absque
991 1733 1067 1772 tamen
1088 1742 1139 1787 pec·

180 1794 238 1831 mut.
677 1795 735 1831 cato.
1185 1829 1191 1835 ,

212 1854 229 1894 5
247 1848 370 1894 introimus
381 1849 440 1895 enim
451 1849 474 1894 in
490 1848 586 1907 requiem
604 1864 646 1894 nos
712 1852 741 1895 16
759 1847 898 1894 Accedamus
910 1849 978 1910 igitur
993 1865 1045 1896 cum
1062 1850 1139 1898 fidunt

109 1919 111 1926 “
180 1913 218 1971 qui
238 1913 387 1969 credidimus;
412 1913 469 1958 sicut
488 1913 549 1967 dixit,
567 1910 646 1973 Itaque
677 1912 704 1958 ad
717 1913 819 1958 thronum
831 1913 928 1973 gratiae;
947 1921 1139 1975 utconaequamur

180 1977 251 2036 iuravi
263 1977 285 2024 in
302 1973 336 2022 iri
353 1973 444 2030 meisi
463 1977 583 2037 ingressuri
601 1979 646 2023 sint
677 1975 854 2030 misericordiam,
867 1985 888 2022 et
899 1977 992 2037 gratiam
1002 1979 1139 2026 inveniamus

127 2083 130 2095 ,
181 2054 204 2086 ιιι
225 2041 322 2102 requiem
341 2055 430 2086 mearat
456 2041 556 2100 quamvis
573 2041 655 2102 operi·,
677 2040 989 2102 adopportunumnuxiiium.

94 2139 97 2144 ,
126 2098 129 2110 ’
182 2102 327 2168 buaajacto
344 2105 420 2151 muudi
437 2103 581 2150 fundamento
599 2104 645 2151 fac·

182 2169 218 2215 tis.
602 2213 605 2218 ,
849 2166 923 2216 CAP.
941 2169 974 2218 V.

215 2224 231 2278 1
247 2230 283 2279 Ita
293 2232 353 2278 oraim
362 2231 417 2278 dixit
426 2232 519 2291 quodam
529 2231 551 2278 in
560 2232 609 2278 loco
618 2231 646 2278 de
740 2230 794 2277 AM
804 2233 876 2278 omnis
892 2233 991 2293 pontifex
1003 2249 1031 2280 ex
1044 2235 1138 2281 homini-

187 2299 275 2350 optimo
288 2297 340 2350 die,¹
354 2295 387 2340 Et
405 2297 511 2355 requievit
529 2295 595 2342 Deus
611 2297 646 2342 die
765 2296 806 2341 bus
817 2305 948 2356 assumptus,
963 2313 1002 2357 pro
1014 2299 1139 2344 hominibus

184 2362 275 2421 septimo
286 2361 313 2406 ab
324 2355 427 2406 omnibus
438 2361 538 2419 operibus
550 2361 601 2406 suin.
676 2359 817 2405 constituitur
834 2357 857 2404 in
878 2359 904 2404 iis
921 2376 976 2419 quae
993 2361 1049 2420 apud
1064 2361 1138 2406 Deum

214 2423 279 2472 5111
290 2425 325 2470 bic
337 2439 432 2478 rursum,
450 2424 474 2469 Si
490 2425 612 2470 introibunt
622 2425 645 2470 in
676 2425 766 2482 agendo
782 2430 851 2476 cunti
875 2429 899 2467 ut
918 2423 995 2469 offerat
1012 2424 1101 2470 donaria
1118 2431 1141 2469 et

185 2490 279 2548 requiem
291 2503 372 2534 meam.
677 2487 778 2532 victimas
789 2501 829 2546 pro
840 2487 951 2546 peccatis:

214 2558 230 2600 6
247 2551 309 2608 Quia
319 2552 387 2612 igitur
398 2549 505 2611 reliquum
516 2558 550 2597 est
564 2559 589 2596 ut
605 2551 645 2596 aii·
709 2555 724 2595 2
741 2550 795 2604 Qui.
817 2557 922 2609 quantum
940 2551 992 2596 satis
1009 2560 1048 2605 est,
1071 2553 1140 2614 poenit

185 2616 219 2674 qui
229 2617 341 2662 introeant
352 2615 375 2661 in
386 2629 442 2669 eam,
458 2623 482 2660 et
497 2615 575 2674 quibus
586 2613 646 2675 priris
676 2615 774 2660 miserari
786 2613 857 2659 vicem
872 2614 1020 2675 ignorantium
1037 2623 1060 2662 et
1076 2617 1139 2662 aber.

185 2680 362 2741 evangelizatum
384 2677 426 2724 fuit
448 2693 492 2724 non
514 2679 646 2724 introierunt
677 2679 786 2734 rontium3
810 2675 869 2738 qudd
887 2687 910 2724 et
929 2680 975 2742 ipse
994 2681 1141 2728 circumdatus

185 2753 272 2805 propter
282 2743 459 2789 contumaciam:
664 2745 666 2749 “
677 2743 705 2788 sit
716 2741 849 2788 infirmitate.

215 2809 229 2854 7
247 2807 347 2853 Rursum
354 2805 464 2865 quendam
472 2805 645 2866 praefinitdiem3
708 2811 724 2852 3
742 2807 774 2854 Et
793 2815 882 2868 propter
901 2809 956 2862 banc
978 2809 1061 2860 debeat,
1084 2809 1140 2855 sicut

186 2867 342 2932 Hodieque
359 2869 470 2915 Davidem
486 2871 567 2923 diceus,
585 2878 646 2915 tanto
676 2886 717 2932 pro
728 2873 815 2932 populo,
834 2873 901 2916 itaet
918 2888 957 2931 pro
973 2873 1044 2932 seipso
1061 2871 1139 2917 offerre

184 2942 233 2996 post
244 2943 350 2995 tempore,
361 2935 438 2994 (prout
447 2934 529 2980 dictum
538 2932 583 2992 est)
593 2933 645 2978 Ho·
677 2937 793 2982 uictimam
801 2951 841 2996 pro
853 2936 953 2992 per-catis„

184 2999 218 3044 die
229 2999 247 3044 si
258 3013 337 3044 vocem
349 2999 396 3058 ejus
407 2997 524 3050 audieritis,
537 3013 564 3042 ne
575 2997 645 3044 obdu·
709 3003 725 3044 4
742 2998 823 3056 Neque
845 2997 924 3055 sibiipsi
942 2996 1055 3054 qnisquam
1072 2995 1139 3042 sumit

186 3070 231 3108 rate
241 3063 309 3107 corda
320 3070 400 3107 vestra
677 3061 736 3107 hunc
758 3062 872 3110 honorem,
895 3059 933 3116 sed
955 3059 991 3116 qui
1014 3068 1105 3106 vocatur
1125 3057 1139 3104 1

216 3131 230 3170 8
248 3125 309 3172 Nam
318 3125 336 3170 si
344 3123 485 3172 Jesuseosin
495 3125 569 3184 requie
577 3124 646 3170 colio·
678 3123 738 3178 Deo,
750 3125 806 3169 sicut
816 3129 839 3169 et
851 3121 934 3166 Aaron.

185 3185 260 3242 nisset,
275 3187 603 3250 nequaquamdeaiiopostbac
613 3190 647 3234 die
713 3192 727 3236 5
745 3185 781 3234 Ita
802 3194 825 3232 et
849 3183 951 3232 Christus
973 3199 1016 3229 non
1038 3185 1084 3245 ipse
1100 3186 1138 3233 sibi

185 3253 288 3313 ‘toquutus
299 3254 383 3299 suisset.
678 3252 736 3297 hunc
748 3252 854 3296 honorem
866 3249 946 3300 tribuit,
959 3259 982 3292 ut
993 3247 1055 3293 fieret
1066 3251 1138 3308 ponti·

217 3323 232 3364 9
249 3315 329 3376 Itaque
340 3315 435 3374 reliquus
443 3315 562 3375 escaliquis
571 3316 652 3361 sabba-.
678 3315 732 3372 sex;
750 3315 788 3360 sed
800 3312 864 3372 isqui
876 3312 930 3356 dixit
947 3312 973 3361 ei,
993 3309 1061 3357 Filius
1077 3327 1162 3360 meus.

186 3381 263 3428 atrius
275 3380 356 3442 populo
371 3379 423 3426 Dei.
679 3395 703 3425 es
714 3385 745 3429 tu.
757 3393 802 3438 ego¹
811 3377 876 3422 hodie
886 3375 953 3434 genui
966 3383 993 3418 te.

221 3449 248 3488 10
267 3443 376 3503 Numqui
392 3443 505 3502 ingressus
522 3451 556 3487 est
572 3442 594 3486 in
612 3457 647 3486 re·
711 3447 727 3488 6
744 3441 806 3494 Sicut
818 3448 839 3486 et
851 3440 873 3484 iu
885 3439 927 3492 olio
938 3437 1022 3498 psalmo
1033 3439 1091 3494 dicit,
1103 3439 1139 3488 'Fu

186 3509 257 3567 quiem
280 3509 355 3566 ipsius,
384 3507 489 3565 requievit
510 3515 533 3552 et
555 3506 600 3565 ipse
622 3506 649 3550 ab
665 3519 702 3566 *ea
721 3505 822 3550 sacerdos
841 3503 862 3547 in
882 3510 1001 3554 aeteruum,
1020 3501 1139 3551 secundum

189 3585 200 3614 a
229 3572 287 3616 ribus
304 3571 356 3622 suis,
374 3569 558 3630 quemadmodum
574 3566 588 3614 1
604 3569 648 3614 suis
679 3568 778 3614 ordinem
792 3565 955 3612 Melchisedeci.

190 3587 259 3682 {Em
712 3633 726 3675 7
745 3629 791 3683 Qui
800 3630 821 3674 in
831 3629 904 3674 diebus
913 3629 984 3674 carnis
993 3645 1051 3683 suae.
1063 3631 1136 3693 depro

221 3699 247 3743 11
267 3695 401 3742 Studeamus
412 3693 480 3754 igitur
491 3693 576 3756 ingredi
587 3693 610 3762 in
621 3693 646 3737 ii·
680 3693 800 3744 cotionibur
818 3703 839 3747 et
855 3691 1046 3752 supplicationibus
1058 3695 1137 3746 oblatis
