2756 4320
611 395 633 444 A
641 392 726 452 CTA,
748 393 793 444 IV.

229 505 428 570 quamtocius
439 501 524 558 fecisse,
542 502 599 550 sicut
613 511 635 548 et
645 503 691 564 pri·
719 509 757 549 tus
767 510 802 548 est
813 517 918 548 numerus
930 503 1027 548 uirorum
1039 502 1101 562 qussi
1117 517 1176 566 qun

156 583 157 588 ¹
229 576 302 616 mores
313 576 406 615 costros.
720 567 783 626 quies
791 566 860 612 mille.

262 637 292 679 18
309 632 374 679 Deus
385 637 458 678 autem
475 645 531 690 quse
546 630 691 692 praenuncia·
753 633 768 678 5
786 629 879 678 Factum
895 636 930 676 est
945 635 1018 675 autem
1036 637 1125 690 postero
1142 629 1181 677 die

228 704 291 744 ruat
308 711 348 758 per
366 710 393 740 os
414 694 514 740 omnium
534 694 691 755 prophetarum
720 702 746 740 ut
756 703 890 755 cogerentur
899 693 1007 754 primores
1017 708 1094 738 eorum
1109 702 1132 739 et
1149 708 1181 740 se·

228 775 325 812 suorum,
336 757 450 807 Christum
458 773 522 804 suum
529 773 691 820 perpessurum,
721 759 795 803 niores
806 767 829 804 et
840 758 923 803 scribae
936 756 1115 817 Hierosolymis3

228 825 259 871 ita
269 824 375 884 implevit.
753 826 768 868 6
786 821 819 868 Et
830 821 908 866 Annas
919 820 1019 882 pontifex
1029 821 1145 873 maximus,
1161 829 1186 867 et

263 891 292 935 19
309 887 442 948 Resipiscite
452 885 526 948 igitur.
538 892 561 931 et
569 884 692 931 convertite
723 883 839 947 Cainphas,
856 893 878 930 et
891 884 997 938 Joaunes,
1014 892 1038 930 et
1050 885 1187 940 Alexander,

228 966 276 1006 vos,
288 958 313 998 ut
321 951 435 997 deleantur
442 962 532 1012 moesta
540 957 620 1002 vestra,
630 955 691 1010 post-
720 956 744 995 et
761 955 871 1010 quotquot
887 955 950 994 erant
966 963 995 994 ex
1012 963 1095 1010 genere
1110 948 1185 1008 pomi·

229 1015 513 1077 quamveueriuttempora
521 1013 693 1076 refrigerationis
721 1011 779 1058 licio.

229 1087 374 1140 sconspectu
386 1077 488 1132 Domini,
754 1081 768 1124 7
787 1077 863 1130 Quum
879 1075 949 1136 igitur
963 1075 1090 1121 statuissent
1106 1089 1145 1122 eos
1160 1075 1187 1122 isa

223 1167 228 1172 ·
262 1148 295 1190 20
311 1143 344 1189 Et
362 1141 446 1188 miserit
463 1137 525 1203 pride
542 1140 691 1202 praedicatum
722 1140 801 1193 medio,
818 1138 940 1201 percontati
961 1146 1020 1193 sunt,
1040 1135 1092 1192 Qut
1108 1151 1185 1200 potes·

230 1208 292 1254 vobis
303 1207 382 1255 Jesum
395 1204 525 1254 Christum:
722 1211 767 1251 tate
788 1213 826 1250 aut
847 1219 892 1265 quo
913 1203 1003 1250 nomine
1024 1217 1065 1248 vos
1086 1202 1128 1251 boc
1149 1203 1186 1249 le·

263 1275 290 1316 al
311 1271 386 1324 Quem
397 1276 484 1330 oportet
492 1263 581 1330 quidem
590 1267 645 1314 coeli
654 1283 692 1313 ca·
723 1267 803 1314 cistis?

229 1335 291 1390 piant
306 1333 417 1394 usquead
434 1340 534 1393 tempora
549 1332 693 1378 restitutionis
755 1331 852 1378 8Tunc
876 1329 957 1377 Petrus
979 1329 1074 1391 replcsm
1100 1329 1186 1391 Spiritu

233 1399 336 1451 amnium,
348 1397 461 1457 dequibus
470 1397 573 1456 loquutus
581 1403 615 1441 est
628 1395 693 1441 Deus
724 1395 807 1442 Sancto
817 1395 872 1440 dim
882 1395 921 1447 eis,
939 1393 1052 1440 Primores
1063 1395 1145 1456 populi,
1162 1405 1187 1440 et

230 1461 332 1508 cseoulo
348 1475 388 1522 per
405 1475 430 1505 os
448 1475 548 1505 omnium
566 1467 692 1505 sanctorum
724 1459 821 1506 teniores
833 1457 928 1512 Israelis,

231 1539 320 1572 suorum
331 1524 493 1584 prophetarum.
756 1529 771 1571 9
788 1521 973 1582 Quartdoquidem
991 1521 1019 1566 dc
1038 1521 1101 1567 uobis
1119 1521 1188 1569 hodie

262 1593 293 1634 22
310 1588 389 1634 Moses
400 1587 482 1633 etenim
498 1587 525 1632 sd
541 1593 615 1647 patres
630 1587 692 1640 dixit,
722 1587 821 1647 quaestio
840 1587 932 1632 habetur
950 1599 1015 1646 super
1033 1584 1139 1631 beneficio
1162 1586 1186 1632 in

229 1651 364 1714 l’ropbetam
377 1651 489 1697 suscitabit
502 1651 565 1696 vobis
580 1650 693 1696 Doininus
722 1651 835 1696 hominem
846 1659 962 1710 aegrotum
973 1650 1061 1703 colluto,
1072 1649 1186 1710 quomodo

231 1715 296 1763 Deus
305 1723 378 1763 vester
386 1729 415 1760 ex
425 1715 528 1761 iratribus
538 1714 624 1767 vestris,
636 1715 693 1760 sicut
722 1716 826 1762 videlieet
836 1714 878 1760 iste
889 1719 988 1759 serratus
999 1711 1043 1758 sit:

230 1794 281 1827 me:
305 1779 397 1826 audetis
413 1793 464 1824 eum
480 1779 503 1824 in
520 1777 621 1824 omnibus
637 1793 693 1838 quse
757 1781 787 1825 10
803 1777 890 1824 Notum
909 1777 938 1823 sit
956 1777 1057 1822 omuibus
1074 1775 1187 1828 robiset

230 1845 334 1906 loquutus
344 1843 411 1890 inerit
421 1841 491 1889 iobis.
722 1842 762 1888 toti
780 1841 862 1902 populo
881 1838 957 1894 Isra'e‘l,
976 1855 1016 1901 per
1033 1855 1114 1886 numen
1128 1839 1187 1888 Jesu

262 1913 294 1954 25
312 1907 421 1954 Futurum
432 1913 466 1952 est
476 1913 550 1952 autem
562 1914 583 1951 ut
594 1905 693 1966 quisquis
724 1903 807 1953 Christi
830 1904 950 1958 Nazareni,
977 1919 1043 1964 quem
1070 1919 1111 1950 vos
1132 1919 1185 1950 cru·

230 1987 275 2018 non
286 1969 413 2018 auscultirit
424 1971 553 2032 prophetam
564 1970 632 2023 illum,
646 1971 691 2015 dis·
721 1969 827 2024 cilixistis,
854 1983 921 2030 quem
934 1967 1014 2014 ·Deus
1035 1966 1150 2014 suscitavit
1171 1983 1186 2015 ι

144 2066 147 2070 -
230 2037 333 2098 perdatur
342 2050 358 2088 e
366 2035 455 2095 populo.
721 2033 821 2087 mortuis,
833 2048 872 2094 per
883 2033 932 2086 hoe,
947 2031 1050 2092 inquam,
1066 2031 1133 2077 istum
1144 2032 1185 2078 ad·

262 2102 294 2144 24
311 2099 355 2144 Sed
370 2105 393 2144 et
407 2111 485 2144 omnes
495 2096 638 2158 prophetase
650 2096 691 2142 Sa·
721 2105 779 2144 stare
790 2097 813 2142 in
824 2103 899 2142 vestro
910 2101 1028 2156 conspectu
1038 2109 1123 2142 munus.

229 2163 308 2216 muele
330 2168 353 2207 et
373 2161 477 2222 deinceps
498 2161 525 2206 iis
545 2161 583 2222 qui
602 2159 692 2207 luerunt
756 2164 782 2206 ll
803 2159 850 2206 Hic
861 2167 896 2206 est
906 2159 960 2220 lapis
972 2159 1008 2204 ille
1018 2174 1059 2219 pro
1067 2159 1136 2204 nihilo
1144 2159 1185 2206 lia·

230 2233 337 2287 quotquot
346 2225 430 2286 loquuti
439 2232 497 2279 sunt,
506 2225 572 2270 etiarn
580 2239 690 2286 praenun·
721 2225 804 2271 bitusa
820 2225 882 2270 vobis
898 2222 1067 2278 aedificantibus,
1084 2224 1121 2283 qui
1137 2222 1185 2270 lec-
1257 2272 1267 2290 ?
1285 2213 1288 2222 ’

230 2288 316 2337 ciirunt
326 2290 373 2336 dies
383 2289 445 2335 istos.
722 2296 757 2334 tus
768 2295 802 2334 est
813 2295 879 2349 caput
889 2286 972 2348 anguli.

262 2357 293 2401 25
311 2353 360 2400 Vos
370 2353 423 2400 estis
434 2351 472 2398 lilii
488 2348 651 2414 prophetarum,
669 2359 692 2398 et
756 2356 785 2398 12
802 2351 853 2398 Neo
864 2359 899 2396 est
908 2351 931 2397 in
940 2351 983 2397 aiio
991 2364 1101 2410 quoquam
1110 2349 1171 2396 salus

230 2419 286 2480 pacti
297 2418 357 2478 quod
367 2417 451 2478 pepigit
468 2416 533 2462 Deus
549 2431 603 2477 erga
618 2424 691 2476 patres
721 2431 763 2462 neo
779 2417 838 2462 enim
855 2415 915 2461 adnd
930 2429 1012 2460 nomen
1025 2421 1060 2460 est
1070 2415 1111 2460 sub
1121 2415 1186 2461 coelo
1201 2445 1205 2452 ‚

230 2491 324 2536 nostros,
336 2481 411 2527 dicens
421 2481 449 2526 ad
461 2479 618 2533 Abrohnmum,
628 2479 660 2525 Et
668 2480 691 2526 in
722 2480 781 2540 quod
799 2481 876 2526 datum
894 2479 924 2525 sit
941 2479 1000 2525 inter
1017 2478 1125 2531 homines,
1144 2473 1186 2540 per

230 2547 313 2592 somine
324 2552 363 2591 tuo
371 2544 545 2590 benedictionem
552 2558 690 2604 consequen·
720 2545 781 2604 quod
791 2549 892 2606 oporteat
902 2557 944 2589 uos
955 2541 1045 2588 servari.

230 2617 265 2668 tur
276 2624 354 2656 omnes
364 2607 459 2653 semidae
470 2613 547 2652 terrae.
755 2612 785 2654 13
802 2603 988 2669 Conspectiverd
995 2605 1056 2652 Petri
1062 2605 1186 2652 indicendo

253 2676 292 2718 ‘26
310 2667 481 2731 Vobispn'mdm
490 2669 555 2714 Deus
562 2670 691 2716 suscitatum
720 2671 853 2718 libertateet
864 2670 965 2724 Joanuis,
976 2677 1134 2730 compertoque
1142 2669 1185 2715 bo-
1219 2685 1221 2687 ·

230 2734 311 2781 Filium
326 2749 390 2780 suum
401 2733 480 2780 desum
491 2733 557 2787 misit,
575 2734 612 2793 qui
623 2735 690 2780 bene·
720 2735 792 2782 mines
808 2751 857 2781 esse
872 2735 987 2781 illiteratos
1002 2741 1026 2780 et
1041 2733 1127 2787 idiotas,
1143 2733 1185 2779 sd·

229 2798 311 2844 diceret
326 2797 395 2851 vobis,
413 2811 547 2856 unoquoque
561 2811 608 2844 rese
625 2812 689 2845 aver·
721 2799 862 2854 mirabantur,
878 2805 902 2845 et
917 2797 1066 2860 agnoscebant
1081 2811 1121 2844 eos
1131 2809 1183 2842 cum

229 2869 290 2908 tento
300 2877 313 2908 a
324 2861 465 2923 pravitatibus
477 2860 563 2906 vestris.
720 2861 777 2910 Jesu
787 2863 863 2910 luisse.

755 2930 785 2973 14
801 2926 835 2973 Et
851 2925 964 2973 hominem
978 2925 1039 2971 illum
1056 2930 1129 2971 autem
1145 2939 1184 2984 qm

389 2987 464 3036 CAP.
485 2987 529 3034 lv.
721 2997 810 3038 sanatus
824 2990 897 3037 luerat
911 2991 1012 3036 videntes
1026 2995 1121 3034 stentem
1131 3003 1185 3034 cum

284 3051 512 3109 OQUENTIBUS
519 3060 593 3100 autem
602 3051 654 3115 ipsis
663 3053 691 3099 sd
720 3055 759 3109 cis,
770 3053 824 3100 nibil
835 3060 937 3115 poterant
947 3053 1104 3099 contradicere.

303 3117 416 3181 populum,
432 3124 606 3179 supervenerunt
616 3133 690 3163 saner-
755 3121 785 3166 15
801 3117 873 3166 Jnssis
884 3125 957 3163 autom
969 3117 1021 3178 ipsis
1031 3124 1095 3162 extro
1107 3129 1185 3161 coner·

228 3184 291 3230 dotcs
300 3190 324 3230 et
334 3181 457 3245 praefectus
470 3181 552 3243 templo
565 3189 588 3228 et
604 3181 689 3228 Ssddu·
720 3181 774 3228 lium
786 3183 851 3236 ubire,
863 3181 1006 3228 conferebant
1016 3181 1075 3226 inter
1084 3195 1115 3233 se,

228 3248 274 3293 cnei
285 3263 292 3303 ;
755 3251 785 3293 16
802 3245 918 3298 Dicentes,
929 3243 990 3298 Quid
997 3243 1103 3290 iaciemus
1110 3244 1184 3289 bomi-

261 3315 276 3356 2
294 3304 393 3356 Moleste
409 3308 505 3355 serentes
515 3305 574 3370 qudd
585 3309 690 3354 docerent
721 3310 785 3356 nibus
793 3309 857 3355 istis?
873 3309 1017 3369 conspicuum
1025 3305 1085 3353 cuim
1094 3306 1184 3368 signum

228 3374 380 3435 populum·et
395 3372 554 3418 enmmcierent
567 3373 690 3418 innomine
720 3375 805 3420 editum
816 3389 865 3418 esse
876 3387 975 3433 percos,
991 3370 1133 3417 manifestum
1149 3376 1185 3417 est

227 3437 284 3486 Jesu
295 3437 477 3482 resurrectionem
488 3451 517 3481 ex
527 3436 628 3482 mortuis.
720 3439 823 3483 omnibus
841 3435 988 3482 habitantibus
1010 3433 1184 3494 Hierosolymis,

259 3505 276 3546 ὅ
293 3501 326 3546 Et
336 3501 457 3562 injecerunt
468 3500 500 3546 eis
510 3514 595 3553 manus,
609 3515 689 3560 posue·
720 3516 762 3548 neo
773 3501 795 3546 id
805 3515 923 3561 possumus
934 3513 1032 3561 negares

226 3561 689 3690 tztlttttttttttbtm
735 3559 1133 3675 uiiffldsiiiilllildiffl?
1142 3573 1184 3678 t:

259 3695 276 3736 4
293 3690 362 3737 Multi
373 3688 427 3738 verd
438 3706 515 3738 eorum
526 3691 562 3752 qui
578 3691 691 3737 audierant
719 3644 850 3754 beposthsc
859 3691 896 3736 ulli
906 3690 1021 3737 hominum
1031 3687 1183 3750 oqumtsrlo

229 3763 286 3800 aune
295 3755 590 3861 sennonemigeredideruutr
609 3761 632 3800 et
643 3754 690 3800 iac·
721 3756 811 3804 romine
820 3755 872 3801 ism.
