2734 4314
466 362 696 420 matutinatis
720 363 832 414 xxvii.

209 474 239 516 cti
267 467 385 522 Devales,
416 467 548 514 Vaticinare
574 468 643 521 nobit,
675 470 836 530 exeisagmm
849 469 1130 534 illumflgulladaapubu

179 531 269 584 [berte
281 533 331 592 quis
344 534 373 578 sit
383 533 421 592 qui
434 539 457 578 te
468 532 584 594 percussit.
676 547 722 578 ratu
734 533 858 594 hospitum:

205 603 236 644 69
253 599 267 657 1
282 595 364 642 Petrus
380 605 464 648 autem,
475 595 565 641 sedebat
580 592 643 641 extri
708 600 722 641 8
741 597 881 658 Quapropter
892 604 984 644 vocatus
995 597 1133 660 estagertllr

177 658 270 716 mauld3
287 670 311 705 et
322 659 417 706 accessit
429 659 457 704 ad
468 673 520 704 eum
537 660 643 718 quaedam
677 659 740 720 Ager
751 662 870 722 sanguinis,
884 679 953 722 usque
968 663 990 708 in
1007 662 1135 709 hodiernum

177 724 282 776 ancillula,
294 724 377 775 dicens,
392 723 423 768 Et
435 731 460 768 tu
469 738 520 768 cum
530 722 585 769 Jesu
594 723 642 770 Ga·
675 723 739 768 diem.

178 787 237 834 'ilaeo
248 803 305 834 cras
708 785 804 834 91unc
824 787 937 848 impletum
956 797 990 834 est
1009 789 1068 849 quod
1089 791 1135 836 dic·

207 857 239 898 '13
256 849 308 912 Ipse
320 847 374 896 verd
384 852 476 912 negavit
484 864 559 896 coram
567 849 640 896 omni·
673 857 721 896 tum
731 858 766 896 est
776 866 815 910 per
824 850 944 899 Jeremiam
955 854 1092 914 prophetam,
1100 854 1134 900 di·

176 916 221 966 tir,
234 916 316 968 licens,
329 915 415 960 Nescio
425 915 480 975 quid
490 914 556 960 deas.
673 923 767 968 centem,
781 914 812 961 Et
823 925 955 976 acceperunt
966 917 1057 977 triginta
1067 933 1134 964 nam·

208 983 235 1026 71
265 978 326 1025 Eum
349 988 423 1024 autem
445 978 597 1040 egredientem
618 977 641 1024 in
672 993 721 1024 mos
731 987 856 1039 argenteos,
868 980 962 1040 pretium
973 981 1136 1042 aestimamur!

177 1043 317 1098 rastimlum,
326 1043 381 1088 vidit
390 1043 433 1088 ulia
441 1043 546 1098 ancilia,
562 1049 585 1088 et
591 1041 641 1088 dix·
673 1042 802 1088 aestimatus
812 1041 855 1088 sitit
866 1057 879 1088 a
889 1043 939 1088 liliis
951 1041 1035 1099 lsrael;

177 1115 194 1154 tt
203 1109 230 1154 iis
240 1108 278 1168 qui
289 1115 355 1154 aaut
368 1107 418 1161 illic,
431 1105 464 1152 Et
480 1107 522 1152 iste
532 1112 579 1153 erat
589 1121 641 1152 cum
708 1109 739 1151 10
755 1105 788 1152 Et
798 1106 906 1152 dedemnt
922 1122 962 1152 eoa
977 1107 1135 1154 adsimulant

178 1169 232 1222 Jasu
245 1171 374 1217 Nazareno·
673 1171 736 1216 illum
747 1185 826 1231 agrum
838 1169 974 1233 figu1,sicut
989 1171 1083 1234 injunxit
1092 1185 1136 1220 τι·

210 1238 241 1282 72
257 1234 323 1281 Tunc
335 1249 412 1280 rursus
419 1235 511 1295 negarit
518 1249 569 1280 cum
576 1236 639 1295 jure·
673 1236 695 1281 hi
708 1233 828 1281 Dominus.

184 1299 280 1358 mrando,
303 1301 388 1352 (tiociis,
413 1297 467 1344 Non
488 1299 542 1345 novi
568 1299 640 1344 lromi-
714 1302 740 1344 11
765 1298 862 1360 {Jesus
884 1307 957 1346 autem
980 1301 1041 1346 stetit
1061 1315 1136 1348 corais

179 1379 236 1412 aaut
673 1362 785 1425 praesides
804 1371 827 1410 et
843 1363 988 1425 interrogavit
1004 1380 1056 1411 euru
1072 1381 1136 1426 prae·

210 1431 240 1473 75
259 1423 338 1472 laullo
354 1423 405 1488 prist
416 1434 491 1472 autem
502 1432 642 1472 accesserunt
673 1443 715 1480 ses,
727 1426 809 1481 dicens,
825 1429 892 1474 Tune
903 1444 927 1475 es
937 1428 975 1476 ille
986 1444 1026 1475 rex
1036 1428 1135 1476 Judaeo·

178 1491 213 1551 qui
220 1491 327 1545 astabant,
342 1499 365 1536 et
376 1491 480 1536 dixerunt
492 1490 567 1542 Petro,
581 1486 642 1535 vere
674 1490 741 1537 rum?
759 1489 825 1538 Dixit
835 1499 908 1538 autem
917 1492 1018 1548 eiJeaus,
1026 1492 1063 1539 Tu
1074 1494 1136 1540 dicis.

178 1565 200 1600 et
210 1564 234 1600 tu
245 1569 274 1600 ex
285 1555 338 1616 ipsis
348 1569 373 1600 es
382 1571 390 1610 ;
407 1569 459 1601 nam
468 1561 491 1600 et
499 1554 598 1614 loquutio
605 1561 643 1600 tua
709 1559 738 1600 12
760 1554 793 1601 Et
810 1571 879 1616 quum
898 1557 946 1617 ipse
966 1566 1105 1603 accusaretur
1124 1573 1136 1604 a

179 1632 200 1664 te
211 1619 351 1666 manifestum
362 1618 423 1664 lacit
673 1619 781 1680 primariis
797 1620 947 1668 sacerdotibus
968 1628 991 1668 et
1007 1622 1136 1674 senioribus,

210 1687 241 1729 74
257 1682 324 1729 Tunc
334 1683 408 1744 coepit
425 1683 520 1742 seipsum
532 1681 643 1728 devovere
674 1683 728 1729 nihil
739 1684 859 1744 respoudit

177 1757 199 1792 et
205 1749 289 1808 jurare,
296 1749 381 1800 dicens,
391 1745 447 1792 Nou
459 1747 511 1792 novi
523 1746 642 1792 hominem.
708 1751 739 1792 15
755 1747 821 1793 Tunc
832 1748 885 1792 dicit
895 1748 915 1793 ei
928 1746 1019 1801 Pilatus,
1030 1747 1084 1794 Non
1096 1763 1124 1793 au

182 1811 211 1856 Et
222 1812 295 1856 statim
306 1811 380 1872 gallus
390 1810 450 1856 misit
462 1825 547 1856 vocem.
675 1811 708 1856 dis
718 1807 784 1870 quim
802 1811 872 1856 multa
887 1809 1003 1856 adversilrn
1021 1819 1043 1857 te
1060 1811 1124 1856 testili

210 1879 240 1922 75
253 1875 286 1920 Et
294 1874 422 1921 recordatus
430 1881 465 1920 est
475 1871 554 1920 Petrus
561 1875 639 1920 serbo·
673 1874 770 1922 centur?

179 1954 226 1984 rum
237 1938 300 1992 Jesu,
311 1939 349 1998 qui
365 1939 453 1984 dixerat
469 1938 496 1991 ei,
510 1936 640 1999 Priusquam
708 1942 737 1983 14
754 1937 786 1984 Et
798 1952 842 1984 non
860 1938 973 1998 respondit
988 1938 1008 1984 ei
1025 1939 1052 1984 ad
1067 1938 1135 1985 ullum

178 2003 250 2064 gallus
261 2018 338 2048 vocem
355 2003 436 2056 mittat,
455 2009 488 2047 ter
498 2017 534 2048 me
544 2003 641 2063 abuega-
674 2003 785 2060 verbnm
813 2003 844 2048 its
864 2013 890 2049 ut
912 2003 1028 2049 miraretur
1049 2018 1137 2064 praeses

179 2067 217 2112 bis
252 2067 283 2112 Et
294 2081 398 2128 egressus
409 2063 473 2112 extri
484 2065 545 2112 llevit
560 2061 641 2112 aurard-
675 2067 745 2114 valde.

708 2134 737 2178 15
754 2134 769 2191 ἵ
783 2131 876 2178 Praeses
887 2138 960 2177 autem
972 2131 1065 2192 singulis
1076 2130 1136 2178 lestis

307 2193 382 2242 CAP.
407 2193 519 2240 XXVII.
673 2202 820 2241 consueverat
838 2195 915 2240 turbae
936 2195 1045 2242 dimittere
1067 2210 1135 2241 unum

257 2259 329 2304 ANE
340 2267 416 2306 autem
427 2273 495 2318 quum
510 2265 574 2312 esset,
586 2273 640 2304 uon-
675 2260 780 2311 vinctum,
792 2273 858 2317 quem
869 2258 997 2304 voluissent

288 2323 361 2368 silium
378 2329 487 2384 oeperunt
502 2338 580 2369 omnes
596 2322 640 2383 pri·
708 2326 738 2368 16
756 2319 874 2368 Habebam
893 2318 946 2368 verri
965 2328 1019 2367 tuuc
1037 2321 1136 2366 uinctum

181 2387 239 2434 arrii
262 2387 388 2434 sacerdotes
410 2394 433 2432 et
453 2387 550 2432 seniores
568 2385 642 2447 populi
675 2387 792 2447 insignem,
805 2387 841 2446 qui
854 2385 964 2431 dicebatur
976 2384 1094 2431 Barabbas.

180 2449 282 2498 adversim
293 2451 379 2506 Jesum,
391 2458 415 2497 ut
426 2466 477 2496 eum
487 2459 557 2497 morte
568 2451 642 2496 allice-
710 2455 738 2498 17
757 2448 815 2511 Ipsis
831 2449 899 2510 igitur
915 2450 1063 2510 congregatis,
1083 2449 1137 2494 dixit

180 2527 234 2561 terit.
673 2515 706 2562 eis
727 2513 819 2568 Pilatus,
840 2513 922 2560 Utrum
944 2513 1011 2560 vultis
1029 2513 1136 2559 dimittam

211 2584 225 2624 ‘2
243 2579 275 2624 Et
286 2580 388 2625 vinctum
400 2593 451 2624 eum
468 2578 605 2624 abduxerunt
616 2593 642 2624 ac
674 2580 751 2636 vobis3
770 2578 899 2632 Barabbam.
917 2593 945 2624 an
963 2577 1041 2628 Jesum
1056 2577 1092 2638 qui
1104 2578 1136 2623 di·

179 2644 314 2690 1radideruut
327 2643 410 2692 Pontio
423 2641 496 2688 Pilato
507 2643 607 2703 praesidi.
675 2644 732 2688 citur
744 2641 866 2690 Christus?

209 2712 226 2752 3
242 2712 257 2767 1
267 2707 334 2754 Tunc
345 2707 423 2760 ludas,
433 2708 469 2766 qui
479 2721 529 2751 eum
540 2706 642 2767 prodide·
710 2711 738 2753 18
756 2707 843 2754 Sciebat
854 2707 913 2752 enim
924 2703 984 2768 quiid
1001 2722 1040 2768 per
1057 2706 1135 2750 invidi·

181 2780 220 2824 rat,
230 2787 298 2832 quum
310 2772 401 2817 vidisset
412 2785 464 2816 eum
471 2769 598 2816 damnatum
606 2785 641 2815 es·
674 2785 710 2817 am
721 2771 861 2817 tradidissent
872 2787 929 2818 eum.

180 2851 210 2888 se,
227 2837 343 2896 poenitens
360 2835 436 2880 retulit
453 2835 545 2894 trignta
561 2849 642 2894 argen-
710 2840 738 2883 19
756 2835 851 2882 Sedeute
862 2845 936 2882 autem
952 2851 980 2880 eo
994 2835 1017 2879 in
1028 2833 1137 2884 tribunali,

181 2909 227 2944 teos
237 2915 340 2945 nummos
352 2900 379 2945 ad
391 2899 507 2960 prunarios
518 2899 643 2944 sacerdotes
674 2900 733 2944 misit
745 2900 772 2944 ad
782 2913 834 2944 eum
846 2913 902 2944 uxor
913 2901 968 2960 ejus,
980 2899 1062 2950 dicens,
1075 2895 1137 2941 Nilril

180 2971 202 3009 et
212 2964 309 3010 seniores
319 2981 326 3019 3
463 2989 472 2996 -
675 2965 712 3009 tibi
720 2965 850 3009 retrusum
857 2964 919 3022 justo
928 2961 966 3006 ilio
976 2977 982 3006 s
1001 2961 1072 3004 multa
1079 2963 1138 3004 enlm

212 3027 337 3080 4Dicens,
362 3026 464 3077 Peccavi.
484 3025 571 3086 prodito
591 3040 643 3071 san·
674 3041 740 3087 passa
758 3041 807 3071 sum
825 3026 891 3070 hodie
907 3025 929 3068 in
948 3023 1034 3068 somnio
1049 3031 1137 3082 propter

181 3091 356 3152 guineinnoxio.
380 3091 414 3136 At
425 3090 455 3135 illi
465 3090 573 3144 dixeram
582 3088 644 3143 Quid
675 3105 734 3136 eum.

181 3157 206 3202 ad
219 3155 278 3201 nos?
296 3162 320 3200 tu
332 3155 421 3200 videris.
709 3157 741 3198 20
758 3149 859 3196 Primarii
871 3147 924 3194 verd
934 3147 1058 3194 sacerdotes
1068 3155 1096 3200 et·
1103 3163 1137 3193 se·

212 3224 226 3267 5
244 3218 297 3280 Ipse
308 3215 362 3264 uerti
374 3217 477 3278 projectis
488 3217 534 3262 illis
545 3217 645 3262 nummis
677 3216 750 3264 niores
761 3221 917 3276 persuaserunt
927 3213 1003 3257 turbae
1014 3218 1039 3256 ut
1054 3219 1137 3272 peteret

184 3285 291 3344 argenteis
312 3283 336 3329 in
358 3281 474 3342 templum,
491 3281 598 3336 secessim
622 3286 646 3326 et
677 3280 807 3332 Barabbam,
818 3277 897 3327 Jesum
908 3272 962 3322 verti
972 3275 1080 3336 perderet

156 3367 159 3370 ·
184 3347 290 3409 profectus
301 3345 451 3406 stranguLavit
464 3359 515 3390 sese.
710 3347 737 3390 21
753 3343 980 3403 Respondensautem
989 3353 1076 3400 praeses
1084 3338 1139 3386 dixu

212 3415 226 3457 6
246 3410 350 3456 l’rimarii
368 3416 443 3455 autem
459 3407 591 3459 sacerdotes,
608 3421 645 3452 ac-
677 3408 715 3462 eis,
729 3407 812 3454 Utrum
823 3422 836 3452 e
847 3406 931 3451 duobus
939 3404 982 3449 illis
990 3402 1089 3458 vultisut
1099 3419 1139 3449 vo-

182 3475 248 3535 oeptis
265 3475 368 3522 nummis
385 3472 429 3519 illia
447 3472 564 3533 argenteis,
583 3471 645 3516 dixe-
677 3473 710 3518 bis
728 3469 858 3517 dimittam?
887 3467 932 3528 Ipsi
954 3464 1008 3512 verti
1029 3467 1139 3521 dixerunt,

183 3549 237 3592 tunt,
250 3539 306 3585 Non
319 3539 372 3585 licet
383 3551 422 3580 eos
436 3535 555 3581 immittere
563 3535 585 3578 in
597 3549 646 3578 cor·
679 3536 810 3581 Barabbam.

180 3607 263 3658 tanam,
285 3602 397 3664 qnoniam
419 3600 514 3660 pretium
534 3599 647 3658 sanguinis
712 3602 743 3643 22
761 3597 827 3642 Dixit
842 3595 874 3640 eis
887 3593 977 3648 Pilatus,
994 3594 1056 3647 Quid
1071 3595 1138 3654 igitur
1210 3597 1213 3605 ¹

177 3683 210 3718 est
678 3662 758 3708 faciam
778 3659 841 3712 Jesu,
863 3658 899 3718 qui
919 3657 997 3704 dicitur
1017 3653 1137 3706 Cirristusi

208 3737 222 3782 7
242 3729 350 3789 Consilio
367 3737 440 3772 autent
458 3734 529 3786 capto.
547 3733 648 3770 emerunt
681 3726 768 3772 Dicunt
778 3724 798 3768 ri
809 3738 893 3776 omnes,
907 3720 1070 3780 Crucifigaturi

409 3792 441 3832 35
