2734 4314
552 433 778 492 MATI'HAEUS.
796 435 829 485 Χ.

208 553 293 587 acrum
309 541 332 586 in
349 538 507 586 vestimentum
522 545 603 595 netues
620 538 674 586 illud
738 541 767 584 31
788 539 822 585 At
837 537 868 584 illi
884 537 969 600 egresel
984 547 1114 600 emerunt
1126 542 1170 605 rjus

208 604 267 649 enirn
278 604 347 666 ipsius
359 602 536 666 supplementum
554 603 612 650 tollit
628 605 673 649 nlr'·
706 601 787 649 samam
800 603 822 648 in
834 599 882 649 totis
892 600 930 649 illd
938 603 1037 666 regione.

208 668 266 730 qur'd
284 667 367 713 exilio
385 668 525 723 vestimento,
542 677 566 714 ct
576 667 601 714 iit
611 669 672 729 pejor
739 670 799 727 521
826 665 886 728 Ipsis
907 673 981 714 autem
1003 667 1173 729 egredientibus.

209 731 293 776 lissum.
707 746 766 784 ecce,
779 731 907 778 obtulerunt
923 732 944 778 ei
961 732 1076 778 bominem
1087 747 1172 780 mutum

227 798 272 841 ·17
290 794 371 856 Neque
382 795 483 857 injiciunt
499 795 576 854 sinum
588 809 672 841 novum
707 795 884 841 daemoniacum.

212 873 231 904 rr
249 867 309 905 utres
324 867 425 906 veteres:
444 859 525 920 alioqui
543 868 676 921 rumpuntur
739 863 772 905 3³
790 858 822 905 Et
840 862 912 922 ejecto
931 859 1055 913 daemonio,
1070 861 1173 922 loquutur

213 931 276 978 utres,
288 930 311 970 ct
321 931 371 971 tum
388 925 473 970 vinum·
481 923 608 978 effunditur,
626 932 674 970 tum
707 929 742 970 est
753 931 838 970 mutus:
850 932 873 970 et
879 924 958 970 mirata
969 932 1003 970 est
1012 925 1082 976 turba,
1092 927 1172 980 dicens,

210 994 270 1034 utres
287 994 395 1049 pereunt:
422 988 461 1036 sed
479 988 581 1050 injiciunt
597 988 674 1034 vinum
709 985 831 1048 Nunquam
850 988 951 1050 apperuit
966 988 1009 1034 tale
1025 989 1137 1050 quidpiam
1151 990 1172 1036 iu

210 1065 293 1098 novum
305 1053 327 1098 in
340 1059 400 1099 utres
418 1060 524 1108 recentes,
541 1059 565 1100 et
582 1059 674 1113 utraque
708 1049 800 1099 Israete.

208 1125 378 1164 conservantur.
739 1120 772 1162 34
790 1116 904 1164 Pharisaei
926 1113 980 1163 verd
1001 1117 1109 1170 dicebant,
1128 1117 1175 1165 Par

244 1184 273 1226 18
285 1185 302 1242 1
313 1181 379 1228 Haec
390 1197 417 1228 eo
428 1182 533 1242 loquente
543 1181 603 1243 ipsis,
615 1197 673 1236 eece,
707 1180 829 1243 principem
841 1182 1007 1228 daemoniorum
1015 1183 1074 1244 ejicit
1082 1182 1173 1229 daemo-

210 1245 298 1306 quidam
305 1246 429 1307 praefectus
437 1263 568 1306 synogogae
577 1245 643 1298 venit,
652 1253 674 1291 et
708 1245 751 1290 nia.

211 1309 310 1357 ulorarit
321 1325 379 1364 eum,
393 1311 477 1364 dicens,
491 1310 548 1356 Filia
562 1325 612 1356 mea
623 1325 673 1356 mo·
740 1311 799 1370 551
814 1308 847 1355 Εῑ
858 1310 930 1356 obibat
941 1307 1009 1358 Jesus
1018 1312 1084 1357 urbes
1097 1326 1175 1357 omnes

210 1370 238 1420 dd
250 1373 354 1420 defuncta
364 1382 414 1420 est:
433 1375 542 1428 cedreni,
554 1383 576 1420 et
585 1375 675 1436 impone
707 1387 733 1418 ac
745 1374 813 1427 vicos,
826 1374 909 1421 docens
920 1374 942 1419 in
954 1376 1077 1437 synagogis
1088 1391 1173 1437 eorum,

210 1453 301 1484 manum
313 1446 374 1483 tuam
386 1453 516 1499 supeream,
528 1446 551 1484 et
562 1445 629 1484 rivet.
707 1445 731 1483 et
747 1438 875 1499 praedicans
896 1439 1037 1500 evangellum
1056 1440 1126 1501 regni,
1148 1456 1172 1490 er

245 1506 274 1550 19
290 1501 357 1548 Tunc
368 1517 463 1564 surgens
477 1500 552 1558 Jesus,
568 1511 674 1564 sequutus
708 1517 789 1548 sanans
802 1503 904 1564 quemvis
915 1504 1017 1549 morbum
1033 1519 1056 1550 er
1071 1505 1175 1566 quemuis

209 1573 244 1613 cst
254 1581 313 1620 cum,
324 1573 347 1612 et
355 1567 455 1628 discipuli
467 1568 521 1628 ejus.
710 1565 840 1627 languorem
852 1567 875 1612 in
886 1566 975 1628 populo.

242 1635 275 1676 20
292 1629 329 1685 Et,
341 1647 400 1686 eece,
412 1630 673 1693 muliersanguinispro·
740 1635 772 1676 56
790 1630 869 1685 Quum
884 1632 975 1678 vidisset
990 1641 1064 1678 autem
1079 1633 1173 1687 turbam,

210 1693 279 1741 fluvio
290 1695 391 1741 laborans
402 1711 415 1742 a
426 1696 542 1741 duodecim
554 1697 624 1750 annis,
636 1711 673 1742 ac·
708 1694 900 1742 commiseratione
911 1693 989 1742 intimi
1000 1705 1126 1745 commotus
1139 1710 1174 1745 est

210 1760 290 1806 cedem
301 1775 315 1806 a
325 1767 396 1822 tergo,
410 1760 483 1822 tetig't
499 1759 607 1807 fimbriam
622 1776 674 1807 res·
708 1774 774 1820 super
785 1761 823 1813 eis,
832 1759 974 1820 quddessent
981 1761 1086 1822 dissipati,
1097 1770 1119 1808 et
1128 1762 1174 1807 dir.

210 1825 296 1871 timenti
307 1824 379 1870 illius:
702 1824 759 1886 jecti
770 1825 832 1885 quasi
844 1840 899 1872 oves
916 1839 961 1871 non
978 1825 1082 1872 babentes
1097 1834 1172 1887 pasto-

243 1893 271 1934 21
292 1889 388 1936 Dicebat
396 1889 558 1951 enimapudse,
569 1889 593 1936 Si
602 1886 675 1936 soldm
710 1904 763 1935 rem.

211 1953 305 2016 tetigero
315 1955 474 2000 vestimentum
486 1955 540 2016 ejus,
552 1955 666 2000 liberabor.
739 1957 771 2000 57
789 1951 855 1999 Tunc
867 1953 919 1999 dicit
930 1952 1042 2016 discipulis
1056 1954 1108 2008 suis,
1121 1951 1174 2015 Ipsa

242 2023 274 2064 22
289 2018 358 2066 Jesus
369 2015 422 2064 verd
431 2033 561 2071 conversus,
572 2024 594 2064 et
606 2018 674 2063 intui·
708 2017 796 2076 quidem
808 2017 887 2063 messis
898 2017 974 2072 multa,
992 2019 1085 2080 operarii
1099 2027 1173 2064 autern

210 2092 246 2128 tus
263 2097 318 2135 earn,
338 2083 400 2135 dixit,
420 2080 522 2135 Confide,
539 2082 598 2137 tilia3
620 2081 675 2128 fides
709 2082 789 2142 prasci:

210 2157 248 2192 tua
259 2153 281 2192 te
292 2146 398 2192 liberavit.
432 2145 465 2192 Et
476 2146 566 2192 liberata
574 2145 615 2192 fuir
624 2161 674 2192 mu·
741 2149 772 2192 38
791 2145 881 2206 Rogate
892 2145 961 2207 igitur
977 2145 1101 2192 Dominum
1113 2162 1172 2193 mes-

211 2211 250 2257 lier
261 2211 288 2256 ab
299 2226 326 2256 eo
338 2217 460 2256 momento.
709 2209 745 2264 sis,
761 2218 785 2256 ut
800 2211 886 2256 emittat
906 2212 1018 2272 operarios
1037 2211 1060 2256 iu
1078 2226 1173 2258 messem
1251 2215 1257 2228 ”

241 2278 274 2320 25
290 2273 323 2320 Et
329 2290 397 2335 quum
405 2275 502 2321 venisset
511 2273 578 2322 Jesus
584 2275 675 2321 domum
709 2289 779 2321 suam.

210 2338 314 2401 praelecti
325 2355 463 2400 synagogae,
475 2339 611 2400 vidissetque
624 2341 674 2386 tibi-

209 2405 271 2450 cines
282 2410 305 2450 et
316 2404 403 2450 turbam
414 2404 593 2452 tumultuantem.
877 2401 950 2450 CAP.
970 2403 1001 2449 Χ.

243 2472 274 2514 24
293 2467 355 2514 Dicit
366 2469 405 2522 eis,
416 2467 540 2523 Recedite3
558 2483 603 2514 non
615 2483 674 2514 emm
769 2463 843 2513 UNC
854 2467 967 2512 advocatis
978 2467 1094 2512 duodecim
1106 2469 1174 2516 disci·

210 2539 298 2578 mortua
314 2539 349 2578 est
367 2532 445 2593 puella,
463 2532 502 2577 sed
519 2531 607 2576 dormit.
642 2531 675 2578 Et
794 2529 853 2590 pulis
864 2530 916 2583 suis,
928 2521 988 2575 dedit
999 2530 1030 2575 eis
1040 2539 1174 2592 potestatem

210 2596 338 2642 deridebant
350 2610 408 2640 eum.
708 2591 814 2642 adversita
825 2593 915 2654 spiritua
923 2593 1027 2656 impuros,
1037 2603 1062 2641 ut
1068 2595 1173 2658 ejicerent

242 2663 273 2706 25
291 2659 370 2712 Quum
381 2667 455 2704 autem
463 2658 618 2718 suissetejecta
626 2666 674 2703 tur·
708 2673 754 2711 eos,
765 2665 789 2704 et
800 2665 903 2704 sanarent
920 2673 1010 2708 omncrn
1029 2661 1132 2706 morbum
1151 2674 1173 2711 ea

210 2724 244 2778 ba,
255 2724 370 2784 ingressus
386 2723 502 2783 prehendit
517 2737 607 2768 manum
619 2724 673 2784 ejus,
709 2737 798 2767 omnem
809 2722 949 2782 languorem.

210 2797 233 2834 et
244 2786 340 2834 surrexit
350 2786 521 2832 adolescentula
741 2790 756 2830 2
770 2783 840 2832 Porrd
849 2787 965 2832 duodecim
972 2788 1122 2848 apostolorum
1131 2805 1173 2836 no·

243 2856 274 2899 26
292 2851 324 2897 Et
335 2850 389 2896 exiit
400 2851 454 2896 haec
464 2850 524 2896 sama
533 2850 555 2895 in
567 2856 637 2896 totam
647 2850 673 2896 il·
709 2851 768 2896 mina
785 2851 916 2897 sunthaec:
938 2850 1033 2906 Primus,
1047 2853 1125 2900 Simon
1136 2855 1173 2916 qul

210 2916 252 2962 lam
265 2916 387 2978 regionem.
708 2915 788 2961 dicitur
802 2913 888 2967 Petrus.
898 2924 921 2962 et
931 2916 1034 2962 Andreas
1041 2917 1110 2964 frater
1118 2922 1172 2980 ejus,

242 2983 272 3028 27
285 2984 301 3041 1
314 2979 435 3040 Quumque
446 2979 598 3040 digrederetur
615 2979 674 3026 illinc
708 2978 806 3027 Jacobus
823 2979 881 3026 lilius
900 2979 1015 3035 Zebedaei,
1031 2991 1054 3028 et
1073 2981 1172 3031 Joaunes

213 3043 283 3100 lesus,
291 3044 377 3105 sequuti
387 3052 439 3091 sunt
445 3059 496 3090 eum
503 3044 547 3089 duo
554 3043 620 3098 caeci,
628 3045 674 3092 cla-
708 3044 776 3090 frater
787 3046 835 3106 ejus
844 3061 852 3100 ς

210 3119 303 3163 mantes,
319 3119 342 3155 et
355 3109 460 3164 dicentes,
475 3108 585 3156 Miserere
596 3111 674 3162 nostri.
741 3113 758 3155 ³
781 3108 903 3172 Philippus,
925 3116 949 3156 et
971 3109 1157 3158 Bartholomaeus
1164 3127 1171 3169 ς

213 3173 253 3222 lii
267 3173 357 3222 David!
709 3173 809 3236 Uromas
817 3182 840 3221 et
849 3173 980 3222 Matthaeus
989 3175 1171 3237 illepublirarrusr

242 3243 273 3284 28
291 3239 369 3292 Quum
381 3246 455 3285 autern
466 3239 564 3285 venisset
575 3239 673 3294 domum,
708 3237 882 3313 Jacobusfllr'us
893 3237 1004 3300 Alpheon
1016 3250 1037 3286 et
1049 3239 1171 3288 Leblrnens.

211 3301 311 3351 adierunt
327 3318 379 3349 eum
398 3303 458 3350 caeci
477 3303 523 3359 illl;
540 3311 563 3349 et
578 3304 631 3349 dicit
642 3305 674 3350 eis
708 3303 1037 3364 cognominatus'llraddaeus;

210 3365 284 3421 Issus,
297 3365 395 3416 Creditis
405 3382 441 3413 me
452 3367 495 3413 hoc
506 3383 570 3428 posse
582 3367 674 3414 iacere?
740 3371 758 3411 4
775 3367 853 3413 Simon
862 3363 1010 3414 Canaaniaes:
1022 3375 1045 3413 et
1056 3367 1127 3416 Judae
1138 3367 1160 3416 Ι»

212 3429 299 3478 Dicunt
309 3431 336 3485 ei,
349 3430 433 3484 Etiam.
446 3430 554 3477 Domine.
674 3449 678 3456 ·
707 3430 809 3484 carietes,
815 3430 855 3490 qui
866 3431 932 3476 etiarn
944 3431 1039 3492 prodidit
1050 3448 1110 3479 eum.

242 3499 274 3543 29
289 3494 357 3540 Tunc
368 3494 443 3556 tetigit
453 3495 531 3541 oculos
542 3510 627 3548 eorum,
639 3495 673 3541 di·
740 3497 756 3542 5
774 3493 827 3541 Hos
846 3495 961 3541 duodecim
979 3497 1039 3542 misit
1056 3495 1131 3550 Jesua,
1150 3513 1170 3546 er

212 3572 269 3613 rens,
289 3555 417 3606 Secunddm
436 3557 502 3606 fidem
522 3568 619 3618 vestrum
636 3558 674 3606 irat
707 3559 791 3606 addidit
801 3559 834 3605 εἷς
844 3561 954 3613 mandata,
969 3559 1052 3615 dicens,
1071 3559 1099 3608 ln
1114 3577 1170 3609 vraar

211 3624 279 3670 robis.
707 3624 808 3685 gentium
821 3639 848 3670 ne
860 3624 960 3678 abieritis,
972 3631 996 3670 et
1006 3626 1030 3671 in
1042 3626 1116 3672 urbem
1130 3626 1170 3674 St·

240 3691 274 3734 30
290 3686 323 3734 Et
334 3687 403 3749 aperti
415 3687 531 3733 suntoculi
543 3703 637 3735 eorum:
650 3697 674 3736 et
708 3689 866 3734 mantuanorum
879 3703 908 3735 ne
916 3688 1083 3751 ingrediamini:

212 3753 307 3808 graviter
323 3751 479 3797 interminatus
495 3759 529 3797 est
546 3753 578 3798 eis
597 3751 671 3804 Jesus,
740 3757 755 3798 6
773 3753 817 3799 sed
829 3751 1109 3813 proficisciminipotidserl
1119 3769 1169 3801 osus

211 3822 289 3870 dtoeae,
304 3815 386 3862 Videte
397 3829 463 3861 nemo
475 3815 530 3860 sciat
707 3817 804 3877 perditas
816 3817 896 3862 domus
909 3815 1005 3864 israelis.
