2756 4320
588 425 701 480 ACTA,
725 423 808 470 XXV.

253 535 283 578 27
302 529 396 576 Biennio
411 537 484 575 autem
501 528 610 588 completo
622 541 685 574 acce·
713 527 825 587 loquutus,
837 525 953 586 respondit,
973 523 1091 572 Caesarem
1106 533 1173 586 rppet·

224 596 253 657 pit
264 609 412 640 successorem
430 591 495 639 Felix
514 591 615 638 Portiurn
628 590 684 638 Fes·
715 589 785 636 listi?
800 591 827 636 ad
840 587 957 636 Caesarem
969 586 1121 649 proficiscens.

224 673 284 706 sumi
303 665 326 702 et
342 657 419 702 volens
435 656 528 716 gratiam
545 655 601 701 inire
617 655 683 702 aJu·
750 658 779 700 13
795 657 812 715 1
827 653 912 699 Diebus
922 660 996 698 autem
1013 652 1096 712 aliquot
1111 666 1177 698 exac-

224 722 282 767 daeis
300 720 371 774 Felix,
395 719 481 780 reliquit
504 717 599 764 Paulum
621 720 683 764 vinc·
715 719 751 772 tis,
764 718 864 778 Agrippa
874 731 913 762 rex
923 724 946 762 et
962 716 1053 762 Bernice
1071 723 1177 762 venerum

225 791 279 832 tum.
718 780 856 834 Caesaream,
868 780 980 826 salutaturi
994 779 1091 826 Festum.

751 849 780 890 14
797 845 830 890 nt
847 859 915 903 quum
932 844 978 888 dies
993 844 1118 904 complures
1134 843 1178 889 illie

362 909 436 958 CAP.
459 909 542 956 XXV.
716 909 852 961 commorati,
867 905 1179 968 Festusregiexposuitquae

281 971 388 1022 ESTUS
405 974 685 1036 ergoingressusprosun·
716 973 744 1019 ad
764 971 859 1018 Paulum
877 971 1015 1030 nectebant,
1037 971 1118 1023 dicens,
1137 970 1180 1018 vis

225 978 277 1094 F
301 1038 364 1092 dana,
376 1037 448 1084 triduo
458 1035 509 1099 pdat
519 1035 685 1085 ascenditCae-
716 1036 804 1096 quidam
815 1032 1178 1082 estreiietusaFeliceinnncu·

225 1099 287 1150 seret
299 1101 488 1163 Hierosolymam.
717 1100 757 1146 list

258 1170 273 1211 2
290 1163 470 1227 comparuerunt
485 1171 559 1212 antem
573 1180 648 1211 eoram
659 1179 687 1210 eo
751 1165 781 1209 15
798 1162 837 1208 De
847 1177 898 1222 quo,
907 1176 1055 1222 quum-essem
1068 1159 1179 1208 Hieroso·

225 1229 324 1293 pontifex
335 1231 444 1276 masdmus
460 1236 482 1276 et
497 1229 593 1290 primarii
604 1242 633 1274 ex
644 1226 687 1275 Ju·
717 1226 789 1287 lyrnis.
806 1233 958 1286 comparentes
969 1239 1005 1270 me
1015 1222 1181 1286 interpellinmt

226 1293 285 1340 dacis
295 1300 373 1338 contra
385 1292 486 1347 Paulum,
501 1301 525 1339 et
539 1307 591 1338 eum
605 1291 687 1354 precati
717 1290 826 1352 principes
836 1289 974 1336 sacerdotum
985 1296 1008 1333 et
1022 1289 1119 1334 seniores
1135 1287 1180 1335 Ju·

226 1364 286 1408 sunt,
718 1354 829 1406 daeorum,
846 1360 946 1414 petentes
962 1352 1124 1398 damnationem
1139 1351 1179 1398 ad·

258 1423 274 1464 ³
292 1417 397 1464 Petentes
407 1418 500 1479 gratiam
514 1414 687 1472 adventinum,
720 1415 797 1463 versus
807 1431 866 1463 eum.

228 1491 251 1528 nt
273 1491 394 1528 accerseret
414 1496 465 1526 eum
489 1479 686 1541 Hierosolymam:
753 1484 782 1526 16
800 1479 887 1534 Quibus
898 1478 1006 1540 respondi,
1018 1494 1064 1525 non
1072 1478 1181 1526 esseRo·

227 1546 289 1593 iactis
300 1545 389 1598 insidiis,
399 1552 423 1589 ut
434 1560 484 1590 eam
496 1547 518 1590 in
529 1541 566 1589 viri
576 1544 688 1590 interime-
719 1545 790 1590 manis
808 1559 899 1596 morem,
918 1544 1045 1604 quempiam
1065 1543 1122 1590 uitro
1140 1543 1181 1590 ad·

229 1616 283 1656 rent.
720 1608 792 1654 dicere
803 1607 877 1661 exitio,
889 1609 913 1653 id
924 1615 963 1659 est,
977 1604 1102 1668 priusqudm
1113 1607 1181 1667 isqui

259 1677 273 1718 4
288 1671 447 1719 Festusautern
456 1671 689 1732 responditutserva·
720 1678 834 1717 accusatur
847 1671 870 1716 in
886 1679 1006 1731 conspectu
1023 1672 1100 1722 habeat
1115 1686 1182 1716 aecu-

229 1746 288 1783 retur
300 1736 382 1782 Paulus
394 1734 530 1792 Caesarem
548 1751 572 1782 se
580 1732 633 1782 verri
643 1732 688 1781 citd
720 1742 810 1788 satores,
827 1743 849 1780 et
862 1734 935 1779 locum
947 1734 1080 1782 defensionis
1090 1735 1183 1796 accipiat

229 1801 284 1848 ttttc
295 1800 451 1862 proiecturum.
720 1813 786 1860 super
797 1798 955 1846 criminatione.

261 1869 276 1914 5
294 1865 339 1918 Qui
348 1879 403 1925 ergo
413 1864 471 1910 inter
482 1879 528 1917 vos,
540 1862 617 1923 inquit,
629 1863 691 1909 istud
756 1867 784 1908 17
802 1862 878 1917 Quum
890 1877 945 1922 ergo
961 1862 1004 1908 huc
1021 1862 1182 1917 convenissent,

229 1936 339 1990 poterunt,
356 1925 400 1973 und
416 1928 556 1980 descendant,
575 1935 598 1972 et
618 1927 690 1987 siquid
721 1927 801 1987 absque
826 1923 872 1971 utu
897 1925 1008 1978 dilatione,
1035 1933 1184 1986 consequente

229 2001 263 2038 est
278 1993 300 2038 in
317 1993 359 2037 hoe
375 1993 423 2037 viro
439 1992 568 2052 improbum,
586 1996 691 2038 accusent
721 1991 757 2036 die
773 1990 852 2036 sedens
871 1990 894 2036 in
909 1989 1018 2043 tribunali,
1031 1990 1087 2050 jussi
1105 1989 1183 2036 adduci

229 2071 288 2102 eum.
722 2053 841 2099 hominem.

261 2121 277 2165 6
294 2116 358 2164 Actis
366 2123 439 2162 autern
448 2117 504 2177 apud
511 2133 549 2163 eos
558 2117 633 2163 diebus
645 2132 690 2162 non
757 2119 785 2162 18
804 2114 874 2178 Cujus
885 2123 1023 2163 accusatores
1034 2131 1100 2176 quum
1109 2116 1183 2162 adsta-

230 2183 326 2243 pluribus
337 2177 402 2241 quim
414 2181 496 2234 decem,
513 2196 581 2241 quum
598 2181 690 2226 descen·
721 2187 776 2234 rent,
787 2181 871 2226 nullum
877 2181 961 2226 crimen
970 2181 1098 2243 objiciebant
1105 2196 1183 2226 eorum

230 2246 297 2292 disset
310 2243 447 2298 Caesaream
458 2251 547 2305 postem
558 2245 593 2291 die
604 2245 660 2291 aedit
667 2246 691 2290 in
721 2259 777 2305 quae
788 2260 832 2306 ego
843 2245 983 2305 suspicabar;

231 2309 338 2362 tribunali,
346 2309 456 2371 jussitque
468 2308 562 2355 Paulum
573 2309 658 2355 adduci.
756 2312 786 2355 19
803 2308 992 2367 Sedquaestiones
1000 2309 1103 2368 quasdam
1111 2308 1139 2354 de
1145 2305 1185 2355 sut

263 2379 276 2421 7
295 2373 341 2428 Qui
357 2387 425 2433 quum
436 2371 546 2427 adfuisset,
562 2374 691 2419 circumste·
722 2373 876 2434 superstitione
891 2373 997 2417 habebaut
1008 2370 1112 2418 adversus
1125 2387 1184 2425 eum,

232 2446 305 2484 terunt
315 2453 365 2483 eum
377 2437 414 2496 qui
427 2435 591 2497 Hierosolymis
599 2438 691 2483 deseen—
721 2443 745 2482 et
762 2436 789 2482 de
807 2435 902 2495 quodam
920 2435 975 2482 Jesu
991 2435 1100 2490 defuncto,
1118 2449 1185 2496 quem

231 2503 308 2548 derant
314 2500 400 2554 Judaei,
409 2500 490 2546 multas
498 2508 521 2546 et
528 2515 609 2560 graves
617 2500 691 2546 crimi-
722 2500 793 2546 aiebat
805 2498 888 2545 Paulus
899 2499 981 2544 rivere,

231 2565 330 2630 natjones
341 2563 464 2608 adferentes
475 2561 579 2609 adversus
591 2563 691 2619 Paulum,
755 2567 787 2608 20
803 2563 914 2609 Dubitans
921 2569 995 2608 autern
1002 2577 1046 2622 ego
1051 2577 1117 2623 super
1123 2563 1182 2623 ejus·

231 2643 284 2687 quas
296 2642 341 2672 non
353 2627 454 2672 valebant
462 2626 645 2672 demonstraret·
722 2627 782 2672 modi
804 2626 950 2686 inquisitione
976 2625 1021 2671 dixi
1042 2641 1095 2671 num
1118 2627 1185 2672 vellet

264 2695 278 2734 8
296 2689 372 2742 Quum
393 2690 439 2748 ipse
457 2705 498 2749 pro
515 2690 548 2734 sui
566 2689 693 2736 defensione
722 2689 829 2751 proticisci
845 2689 1033 2750 Hierosolymam,
1050 2697 1074 2736 et
1088 2689 1132 2736 illic
1143 2692 1184 2752 ju·

231 2754 318 2805 diceret,
337 2751 417 2810 Neque
432 2752 454 2797 in
465 2751 538 2812 legem
549 2751 566 2799 J
567 2752 692 2810 udaeorum,
722 2754 789 2799 dicari
800 2767 865 2814 snper
876 2753 930 2799 istis

232 2830 335 2876 nequem
351 2815 464 2875 templum,
482 2830 552 2875 neque
568 2816 591 2860 in
609 2814 692 2862 Caesa·
756 2820 784 2862 21
804 2817 881 2870 Quum
893 2814 946 2864 verri
958 2816 1042 2863 Paulus
1056 2812 1185 2878 appellieset

233 2895 277 2926 rem
290 2879 406 2939 quiequam
421 2893 517 2940 peccam.
723 2887 748 2927 ut
756 2887 879 2927 servaretur
888 2879 986 2942 Augusti
995 2881 1185 2942 cognitionijmai

265 2943 341 2991 assu
354 2942 434 2988 Festus
445 2943 522 2988 volens
533 2943 627 3003 gratiam
638 2943 694 2990 inire
723 2959 774 2989 eum
783 2944 864 2990 servari
877 2960 991 3006 quousque
1007 2946 1118 2990 mitterem
1133 2959 1185 2990 eum
1221 2955 1224 2961 “

232 3023 245 3054 a
263 3006 361 3058 Judaeis,
385 3007 519 3067 respondens
542 3005 612 3052 Paulo
631 3008 693 3059 dixit,
723 3005 890 3054 adCaesarem.

234 3070 275 3116 tas
285 3069 465 3130 Hierosolymam
477 3070 600 3124 ascendere,
616 3079 640 3117 et
650 3072 694 3117 il'ic
756 3074 788 3116 22
804 3071 905 3132 Agrippa
915 3066 968 3117 verri
979 3072 1034 3117 dixit
1046 3071 1121 3125 Festo,
1136 3071 1185 3118 Ve-

232 3136 260 3181 de
270 3135 403 3196 hisjudicari
415 3129 472 3194 apud
484 3134 539 3180 me?
724 3134 762 3180 lim
773 3141 796 3181 et
806 3135 853 3195 ipse
863 3135 974 3180 hominem
986 3135 1067 3182 audire,
1101 3135 1134 3182 At
1142 3135 1186 3191 itte,

267 3201 297 3244 10
314 3197 379 3244 Dixit
390 3208 462 3243 autem
478 3197 565 3252 Paulus,
579 3198 616 3244 Ad
624 3198 693 3245 tribu·
726 3196 789 3252 Cras,
800 3198 877 3257 inquit,
889 3213 939 3243 eum
951 3199 1033 3244 audies.

233 3266 269 3308 nai
282 3260 383 3308 Caesaris
394 3269 435 3314 sto,
448 3262 483 3306 ubi
492 3276 528 3307 me
539 3265 625 3322 oportet
632 3263 693 3324 judi·
757 3266 788 3307 23
799 3265 816 3323 1
825 3261 919 3306 Postero
925 3262 1104 3322 igiturdiequum
1111 3263 1184 3308 venis·

233 3325 291 3371 caris
310 3322 693 3387 Judaersnullainreinjnriamfeci,
724 3332 759 3371 set
778 3325 879 3386 Agrippa
895 3331 918 3370 et
936 3325 1031 3372 Bernice
1048 3341 1099 3372 cum
1116 3324 1185 3373 mutu

233 3389 290 3436 sicat
301 3395 323 3434 et
334 3395 358 3433 tu
369 3383 459 3448 pulchre
471 3386 535 3432 aristi.
725 3389 878 3442 ostentatione,
898 3395 920 3434 et
938 3383 1066 3435 introissent
1083 3390 1106 3435 in
1123 3391 1183 3436 andi·

268 3454 295 3497 ll
315 3451 375 3497 Nam
387 3451 404 3496 si
416 3451 515 3512 injuriam
527 3458 549 3496 et
558 3450 575 3496 si
584 3452 635 3511 quid
644 3452 694 3512 dig·
725 3452 806 3498 torium
823 3465 874 3497 cum
892 3453 984 3498 tribunis
1001 3461 1024 3502 et
1040 3453 1186 3500 eminentibus

233 3527 288 3560 turn
306 3527 378 3560 morte
396 3514 444 3568 ieci,
464 3529 509 3561 non
526 3530 604 3560 recuso
620 3515 692 3561 mori:
725 3517 771 3577 ejus
783 3515 841 3560 urbis
852 3515 942 3564 civibus.
949 3517 1042 3576 jubente
1055 3516 1129 3571 Festo,
1146 3518 1184 3564 ad·

234 3579 268 3625 tiu
279 3575 332 3624 τετὸ
343 3578 394 3623 nihi¹
407 3586 441 3623 est
451 3593 477 3624 ex
490 3577 516 3623 iis
527 3578 642 3638 dequibus
659 3578 694 3624 isti
726 3580 805 3624 ductus
813 3588 847 3624 est
861 3577 950 3626 Paulus.

236 3655 269 3686 me
287 3653 396 3692 accusant,
416 3656 482 3687 nemo
500 3649 573 3702 potest
595 3657 632 3688 me
653 3643 695 3688 illis
758 3645 790 3688 24
805 3642 865 3688 Tum
878 3641 965 3695 Festus,
978 3643 1079 3711 Agrippa
1091 3657 1135 3696 rex,
1151 3645 1185 3691 in·

235 3703 329 3750 mnus:
355 3701 473 3750 Caesarem
484 3705 576 3764 appello.
725 3706 779 3765 quit,
796 3713 818 3751 et
830 3707 952 3767 omnesqui
966 3707 1030 3752 simul
1046 3707 1128 3754 adeatis
1144 3721 1185 3755 rto·

268 3767 298 3808 i‘r
313 3763 379 3810 Tunc
390 3765 472 3870 Fesltp}
480 3781 530 3812 curn
542 3767 633 3813 concilio
647 3767 693 3813 sol·
725 3769 815 3819 bissum.
828 3770 953 3829 conquisitis
965 3773 1038 3821 istum,
1052 3771 1184 3818 auseae
