2734 4314
535 417 694 479 MARCUS·
708 423 738 470 V.

175 529 207 571 A)
222 525 321 572 licebat
332 527 404 572 ctiam
426 523 470 572 Cui
486 525 522 571 rei
530 525 615 572 assimi-
680 529 696 571 4
714 525 837 588 Propterea
846 525 906 590 qudd
917 544 982 592 seqre
998 531 1079 592 pallclr
1094 541 1117 580 et

152 592 260 636 ssi-orimus
272 605 373 650 regnum
386 589 453 635 Dei?
469 596 508 644 aut
518 587 615 649 quicol·
648 591 732 637 catenis
746 591 834 638 vinctus
850 591 923 646 fuerit,
940 595 979 640 ned
996 595 1116 656 discerptas

152 655 225 700 atione
235 654 402 700 contulerimus
413 653 488 698 illud?
648 653 811 702 lucrantabeo
822 663 918 710 catenae,
930 658 1053 719 etpedicae
1061 673 1114 706 con-

177 721 204 762 51
232 717 303 764 Velut
331 733 407 778 grano
436 717 530 777 sinapis;
558 716 616 777 quod
649 718 726 775 tritae3
744 735 815 779 neque
826 721 941 781 qnisquam
953 730 1054 783 potuerat
1065 737 1115 770 eutr.

148 797 213 841 nuum
230 783 311 828 seritur
329 783 352 826 in
371 778 438 834 terri,
451 782 566 826 minimum
583 789 617 826 est
650 781 747 828 domare

150 847 244 891 numium
256 847 369 890 seminum
381 861 439 904 quae
450 842 539 890 interni
550 853 614 890 suut:
682 848 697 892 5
714 846 746 892 Et
758 863 796 908 per
808 863 874 892 omne
884 857 972 908 tempus
983 859 1030 896 erat
1041 850 1076 896 die
1091 866 1116 896 ac

178 913 210 954 32
228 910 273 955 Sed
284 925 354 969 quum
368 919 442 954 satum
457 908 530 963 fuerit,
542 923 617 954 assur·
650 917 715 956 nocte
726 911 749 958 in
760 913 879 964 montibus,
891 920 914 958 et
925 914 947 959 in
958 922 1114 968 monumentrr,

130 1005 132 1008 -
147 975 186 1034 ga,
197 981 220 1020 et
231 972 257 1018 frt
267 973 393 1019 maximum
411 973 511 1020 omnium
525 972 617 1026 olerum,
649 973 754 1028 clarnana,
772 981 796 1020 et
811 976 931 1022 concidens
948 977 1045 1038 seipsum
1061 978 1112 1040 lapi-

147 1038 234 1098 editque
246 1051 320 1083 ramos
337 1051 441 1097 magnos,
455 1036 487 1082 ita
496 1045 521 1082 ut
531 1037 619 1097 possint
650 1037 720 1084 dibus.

148 1102 188 1146 snb
203 1103 251 1162 ejus
268 1098 347 1147 umbri
362 1101 465 1147 volucres
480 1101 536 1147 coeli
551 1101 617 1146 nidu-
682 1106 699 1148 6
711 1101 788 1155 Quum
796 1103 887 1149 vidisset
895 1111 969 1150 autem
978 1102 1057 1151 Jesum
1064 1121 1113 1167 pro·

155 1180 194 1210 arr.
650 1165 692 1219 cul,
704 1166 802 1212 cucurrit
812 1173 836 1212 et
846 1167 946 1213 adoravit
956 1183 1022 1224 curn;

179 1233 212 1274 33
226 1228 262 1274 Et
273 1230 351 1276 talibus
368 1228 444 1276 multis
459 1228 567 1290 parabolis
582 1229 617 1273 lo-
683 1232 697 1277 7
715 1228 748 1274 Et
764 1229 862 1276 clamans
878 1246 934 1278 voce
950 1229 1038 1292 magni,
1055 1233 1117 1288 drus,

149 1295 255 1352 aucbatur
281 1294 313 1340 eir
340 1309 467 1340 sermonem
497 1294 617 1353 evangelii,
651 1293 714 1347 Quid
724 1293 777 1338 milri
789 1301 869 1346 tecum,
881 1293 937 1343 Jesu
950 1293 992 1341 lili
1001 1295 1046 1342 Dei
1056 1297 1116 1343 altis-

148 1367 213 1418 prout
223 1365 326 1418 poterant
337 1358 420 1404 audire.
649 1356 715 1403 rimi?
732 1358 819 1420 Adjuro
841 1366 864 1405 te
882 1375 926 1420 per
943 1359 1019 1406 Deum
1037 1376 1065 1408 ne
1081 1377 1116 1408 ma

178 1425 212 1466 34
229 1422 321 1482 Absque
331 1419 436 1482 paraboli
450 1417 503 1467 verri
519 1436 565 1466 non
582 1421 616 1466 lo·
649 1429 759 1482 torqueas.

148 1487 256 1546 quebatur
275 1487 320 1542 eis;
337 1487 443 1546 privatim
459 1493 532 1531 autem
549 1485 615 1532 disci·
682 1490 696 1531 8
715 1486 809 1532 Dicebat
821 1487 879 1532 enim
891 1488 910 1534 ei
922 1489 994 1542 Jesut,
1008 1489 1059 1543 Exr,
1070 1492 1115 1552 spi·

148 1550 205 1603 pulis
216 1551 262 1595 suis
273 1551 397 1610 explicabat
408 1550 488 1595 omnia.
652 1549 703 1596 ‘itus
715 1551 807 1612 impure,
819 1567 846 1596 ex
858 1552 901 1597 isto
912 1553 1008 1598 homine.

179 1617 212 1660 35
228 1612 615 1675 {Dixitautemaisdlerlloouum
682 1619 697 1662 9
713 1615 779 1661 Tunc
801 1616 948 1677 interrogavit
969 1631 1026 1670 eum,
1047 1617 1116 1671 Quod

116 1677 121 1683 ”
147 1692 222 1724 aerum
233 1677 281 1724 diei
291 1685 356 1732 esset,
374 1677 524 1723 Transeamus
540 1678 563 1722 in
581 1678 615 1723 ul·
649 1677 843 1726 tibinomencst?
863 1679 895 1726 Et
904 1681 1022 1740 respondit,
1032 1682 1124 1736 dicens,

148 1742 347 1801 terioremripam.
650 1741 723 1804 legio
745 1744 797 1789 mihi
820 1759 902 1789 nomen
919 1752 966 1800 est,-
984 1745 1036 1805 quia
1051 1746 1114 1792 multi

179 1809 213 1852 56
224 1803 616 1866 Dimissdigiturturbdaccepcrunt
649 1821 732 1852 tumus.

147 1885 199 1915 eum
217 1877 242 1915 ut
258 1877 305 1916 erat
316 1870 340 1916 in
358 1869 462 1930 navigio;
479 1870 518 1916 sed
534 1877 558 1916 et
573 1871 616 1916 alia
683 1873 713 1916 10
737 1867 767 1916 Et
791 1867 885 1916 multllm
907 1872 1035 1931 precabatur
1056 1888 1114 1924 eum.
1188 1901 1191 1906 -
1217 1891 1225 1900 ·

147 1934 262 1994 navigiola
271 1941 334 1980 erant
345 1949 398 1979 curn
409 1949 443 1979 eo.
649 1949 678 1980 ne
694 1934 754 1995 ipsos
772 1936 868 1980 mitteret
885 1945 949 1980 extra
964 1936 1024 1980 illam
1041 1938 1114 1997 regio·

179 2002 212 2044 37
229 1997 294 2044 Tunc
306 1998 378 2044 oritur
394 1998 458 2043 turbo
475 1997 534 2044 venti
551 2013 616 2059 mag·
649 2013 708 2044 nem.

151 2077 195 2115 nra,
207 2061 322 2110 etfluctus
332 2062 445 2107 irruebant
456 2061 478 2106 in
496 2063 616 2124 navigium,
684 2065 710 2109 ll
731 2063 786 2109 Erat
803 2071 877 2110 antem
894 2063 937 2109 illic
953 2063 1011 2125 apud
1027 2073 1114 2110 montes

147 2133 179 2172 tta
189 2133 214 2171 ut
221 2129 269 2188 J'am
279 2127 416 2187 impleretur.
428 2169 430 2173 ,
648 2141 705 2188 grex
715 2143 833 2188 porcorum
845 2143 940 2188 magnus
951 2144 1050 2190 pascens.

180 2195 212 2234 58
230 2190 368 2236 Eratautem
376 2189 452 2249 ipsein
461 2189 533 2250 puppi,
543 2190 615 2236 cervi·
684 2195 714 2236 12
731 2192 763 2237 Et
773 2192 855 2253 precati
867 2199 919 2237 sunt
930 2208 981 2238 eum
993 2208 1071 2238 omnes
1079 2194 1114 2238 illi

147 2255 188 2300 cali
205 2253 348 2300 indormiens.
383 2253 449 2299 Tunc
465 2253 616 2314 expergefaei·
649 2254 774 2308 daemones,
783 2256 887 2308 dicentes,
899 2255 967 2302 Mitte
976 2257 1114 2316 nosadpor-

149 2326 190 2363 unt
200 2333 257 2371 cum,
269 2319 390 2378 dicuntque
401 2317 427 2372 ei,
442 2317 557 2378 Magister,
571 2333 614 2364 non
649 2333 694 2371 cos,
706 2319 765 2364 utin
776 2334 815 2364 eos
826 2319 969 2364 intro'e'amus.

148 2383 230 2428 esttibi
242 2397 308 2428 curae
319 2379 379 2442 qudd
390 2381 503 2442 perimus?
684 2386 713 2427 13
731 2381 762 2427 Et
773 2381 872 2442 permisit
893 2383 925 2428 eis
947 2381 1021 2427 statim
1040 2380 1114 2429 Jesus.

179 2450 212 2493 59
228 2445 382 2507 Experrectus
401 2446 469 2506 igitur
491 2445 616 2506 objurgavit
650 2445 743 2507 Egressi
752 2441 805 2492 verti
814 2445 903 2505 spiritus
910 2445 941 2490 illi
947 2445 1027 2504 impuri
1034 2446 1114 2492 introi-

149 2519 247 2564 ventum,
269 2511 370 2570 dixitque
386 2510 448 2563 mari,
467 2509 518 2562 Sile,
536 2511 613 2555 obmu·
648 2517 713 2556 erunt
730 2510 753 2554 in
769 2524 862 2570 porcosz
882 2515 905 2554 ct
922 2508 965 2554 ruit
981 2509 1018 2554 ille
1034 2525 1114 2570 grexe

149 2585 214 2620 tesce.
248 2573 316 2620 Tunc
343 2574 427 2634 quievit
454 2580 540 2628 ventus,
568 2573 614 2619 t'ac·
648 2573 775 2634 praecipitio
784 2574 806 2618 in
818 2588 879 2618 mare
892 2574 966 2635 (erant
976 2565 1112 2634 autem'qaa·

148 2649 213 2698 taque
222 2645 257 2684 est
268 2638 415 2698 tranquillitas
431 2653 518 2698 magna.
649 2638 666 2683 si
677 2638 710 2684 bis
721 2635 801 2696 mille),
810 2645 833 2682 ot
845 2636 944 2683 suffocati
954 2645 1005 2684 sunt
1016 2638 1038 2684 in
1051 2641 1113 2685 mari.

179 2707 212 2749 40
229 2703 296 2748 Dixit
312 2709 387 2748 autem
404 2702 442 2755 eis,
461 2702 522 2755 Quid
539 2709 570 2747 ita
586 2701 614 2746 ti·
682 2705 711 2747 14
730 2703 775 2756 Qui
787 2698 840 2748 verri
852 2701 969 2762 pascebant
979 2717 1065 2763 porcos,
1077 2703 1113 2749 fu·

148 2767 199 2812 midi
214 2767 285 2812 estis?
301 2766 414 2826 quomodo
430 2765 495 2822 iidem
513 2781 558 2810 non
575 2765 614 2812 ha·
648 2774 735 2826 gerunt,
747 2774 770 2812 ct
787 2763 943 2812 renuncilrunt
959 2766 982 2812 in
1000 2767 1075 2813 urbem
1091 2777 1113 2815 ct

148 2830 219 2877 betis?
648 2830 755 2891 inagros.
790 2830 822 2876 Et
833 2832 870 2876 illi
879 2831 963 2891 egressi
975 2840 1033 2884 sunt,
1045 2839 1070 2878 ut
1080 2833 1112 2878 vi-

180 2899 208 2940 41
224 2894 255 2940 Iit
264 2895 387 2940 timuerunt
396 2893 475 2940 timore
483 2908 573 2954 magno,
581 2893 615 2939 di·
648 2893 725 2941 derent
741 2895 793 2955 quid
810 2895 863 2958 illud
879 2901 937 2940 esset
954 2895 1014 2955 quod
1029 2895 1112 2941 factum

148 2959 268 3019 celantque
290 2959 347 3004 alius
369 2959 396 3004 ad
412 2958 486 3011 alium,
505 2957 615 3010 Quisnam
647 2956 726 3006 luerat
785 2980 789 2990 ⁴

148 3023 189 3069 iste
203 3031 244 3077 est,
260 3019 321 3083 qudd
337 3022 403 3068 ctiam
421 3031 500 3068 ventus
517 3029 539 3067 et
555 3036 617 3067 mare
683 3027 712 3070 15
736 3022 837 3072 Veniunt
856 3023 924 3084 igitur
945 3023 973 3069 ad
989 3021 1074 3076 Jesum,
1091 3030 1113 3071 et

148 3087 272 3133 auscultent
282 3085 320 3132 ei?
649 3087 787 3148 conspiciunt
798 3102 848 3132 eum
860 3087 897 3146 qui
908 3086 980 3132 fuerat
987 3087 1113 3132 daemonia·

649 3165 694 3204 ous,
707 3151 826 3202 sedentem,
839 3165 864 3195 ac
881 3150 991 3202 vestitum,
1008 3157 1032 3196 et
1048 3165 1113 3197 sanas

319 3213 394 3262 CAP.
419 3212 447 3260 V.
649 3215 736 3266 mentis,
748 3229 798 3258 eum
811 3215 913 3272 inquunt,
922 3214 958 3272 qui
968 3214 1108 3261 habueratle·

205 3278 228 3326 T
238 3289 350 3326 venerunt
361 3279 384 3323 in
396 3277 521 3324 ulteriorem
538 3279 615 3336 ripam
648 3278 754 3340 gionem:
774 3288 797 3324 et
808 3279 935 3327 timuerunt.

237 3344 313 3396 maris,
325 3343 348 3388 in
358 3345 472 3403 regionem
483 3342 614 3388 Gadareno-
683 3346 712 3388 16
731 3342 761 3388 Et
773 3343 808 3402 qui
821 3344 845 3388 id
858 3341 957 3386 viderant
968 3355 1111 3388 narraverunt

149 3421 202 3453 rum.
509 3432 513 3439 ι
648 3405 679 3452 eis
690 3407 802 3466 quomodo
814 3415 887 3452 actum
896 3413 954 3450 esset
962 3419 1014 3450 cum
1022 3405 1102 3451 dsemo

181 3477 194 3516 ἱ)
220 3471 322 3532 Egresso
345 3481 419 3516 nutem
437 3469 478 3530 ipsi
495 3485 508 3514 e
525 3469 615 3530 navigio
649 3471 717 3522 niaco,
729 3480 751 3515 et
763 3469 880 3530 deposcis.

149 3535 221 3582 rtatim
244 3535 343 3580 occurrit
364 3549 377 3580 e
399 3533 548 3579 monumentis
564 3533 614 3592 qui·
683 3537 711 3580 17
728 3533 750 3578 T
752 3549 794 3579 unc
803 3533 840 3579 illi
847 3537 1026 3591 coeperunteum
1034 3546 1111 3590 ronam

149 3599 204 3651 dam,
216 3601 239 3644 in
251 3613 296 3658 quo
308 3604 356 3644 erat
367 3597 455 3658 spiritus
466 3597 571 3656 impurus,
649 3604 673 3642 ut
684 3597 753 3641 abiret
763 3611 792 3642 ex
803 3595 882 3640 linibus
892 3595 997 3654 ipsorum.

180 3668 195 3708 5
212 3663 258 3716 Qui
269 3661 406 3708 domicilium
418 3661 510 3706 habebat
526 3659 548 3704 in
565 3675 615 3704 mo·
685 3663 711 3702 ltt
732 3658 783 3718 Ipso
791 3655 843 3704 verd
852 3658 952 3717 ingresso
960 3657 981 3702 in
990 3658 1110 3715 nnvlgnrm.

150 3728 274 3779 ntrmentis3
292 3733 315 3770 et
326 3739 355 3770 ne
366 3725 448 3769 catenis
457 3718 545 3782 qu‘ddm
555 3723 615 3783 qrris·
649 3723 740 3780 rogabat
752 3737 803 3768 eum
813 3722 850 3767 ille
861 3720 897 3780 qui
906 3719 977 3768 suerat
986 3721 1109 3767 daemonis·

150 3805 214 3846 ninam
227 3800 314 3848 roserat
324 3803 376 3834 eum
387 3788 484 3834 vinciret
649 3801 687 3832 nu
700 3797 721 3830 ut
735 3793 793 3832 esset
803 3791 854 3831 cttm
864 3783 920 3840 inno.
