2720 4312
581 401 689 452 PAULI
709 402 878 452 EPIS'I'OLA

238 509 316 557 labent
327 509 452 558 inultum
461 511 538 557 edendi
548 511 584 572 qui
597 511 698 558 taberna·
730 510 789 556 euim
805 526 846 556 noa
860 512 941 558 bonam
958 513 1113 559 conscientiam
1131 517 1189 562 hatto

237 573 286 620 tulo
297 575 431 622 deserviunt.
731 590 761 628 re,
774 582 798 620 ut
814 576 851 635 qul
868 577 890 620 in
906 577 1009 622 omuibus
1025 575 1139 639 c'tquiamua
1154 582 1192 626 lo·

270 641 296 682 ll
316 638 419 692 Quorum
430 637 489 685 enim
506 637 631 685 animalium
646 655 698 684 san·
732 642 795 684 nestd
806 640 940 685 conversari.

236 701 285 763 pais
301 702 395 748 insertur
415 718 455 764 pro
474 711 564 764 peccato
586 703 608 749 in
626 717 698 750 sacra·
767 706 796 750 19
813 701 917 764 Atnplids
928 710 1001 749 autem
1013 704 1104 751 obsecro
1119 721 1161 751 vos
1174 715 1197 754 ut

235 767 291 811 tium
308 781 348 827 per
363 766 496 828 pontificem,
512 767 591 813 horum
606 782 700 828 corpote
732 765 754 812 ld
765 766 854 820 sociatis,
867 774 892 813 ut
903 765 994 813 celerids
1006 769 1108 814 restituar
1119 771 1189 818 vobis.

235 838 358 876 exuruntur
368 838 432 877 extra
442 838 521 877 castra.
764 835 796 876 20
814 831 878 877 Deus
892 827 945 877 veni
958 833 1024 893 pacis,
1039 833 1076 892 qui
1090 848 1197 894 magnum

270 896 298 938 12
316 894 458 956 Quapropter
471 902 495 941 et
510 893 583 948 Jeaua,
596 901 621 940 ut
634 909 698 940 sanc·
731 893 793 940 illum
805 897 887 949 ovium,
905 911 944 957 per
960 897 1091 957 sanguinem
1103 897 1196 947 foederis

235 956 327 1004 tilicaret
341 959 446 1020 populum
462 974 503 1020 per
517 959 630 1020 proprium
646 974 699 1006 aaa·
731 960 821 1013 meent,
831 959 953 1014 Pastorem,
963 959 1088 1006 Dominum
1096 969 1200 1012 nostrum.

234 1021 332 1086 guinem,
343 1038 420 1084 passus
431 1029 465 1069 est
475 1030 539 1069 extra
549 1031 643 1083 portam.
731 1021 818 1076 Jesurn,
830 1019 843 1068 ὲ
854 1024 947 1070 mortuis
958 1024 1051 1079 reduxit,
1201 1035 1208 1048 ·

269 1089 299 1132 13
315 1085 429 1142 Exeunus
442 1087 511 1148 igitur
526 1087 554 1134 ad
569 1101 620 1132 eum
636 1099 700 1134 extra
764 1090 792 1132 21
807 1085 1056 1134 Perilciatvosinomni
1065 1089 1195 1150 operebono

234 1157 312 1204 tustra,
323 1152 427 1210 probrum
438 1152 486 1214 ejus
497 1158 617 1212 portantes.
729 1150 758 1196 ad
784 1151 936 1212 praestandam
958 1151 1026 1212 ipsius
1047 1153 1192 1210 voluntatem,

269 1217 299 1260 14
315 1213 370 1260 Non
381 1215 440 1261 enlin
457 1215 562 1261 habemus
579 1216 614 1262 hic
630 1215 697 1262 stabi-
729 1215 827 1261 efficiens
838 1215 861 1260 in
878 1215 940 1261 voltis
959 1216 1019 1276 quod
1035 1223 1150 1278 acceptum
1167 1215 1194 1266 tl·

234 1276 277 1324 lem
289 1279 408 1334 civitatem,
419 1279 459 1326 sed
473 1279 569 1325 loturam
586 1279 646 1326 illam
663 1279 697 1326 in·
730 1278 884 1341 inconspectu
897 1293 944 1333 auo,
962 1293 1002 1340 per
1017 1278 1096 1327 Jesum
1114 1279 1193 1328 cuna

235 1343 346 1404 quiriacus.
730 1350 792 1399 tum;
814 1343 849 1390 cui
866 1345 895 1390 sit
906 1343 978 1405 gloria
988 1344 1011 1390 in
1022 1345 1096 1390 secula
1104 1345 1192 1392 secuto»

185 1407 190 1412 '
268 1409 297 1454 15
315 1405 360 1453 Per
370 1407 442 1468 ipsum
458 1407 527 1468 igitur
543 1403 631 1453 assidui
642 1407 696 1453 otl'e·
730 1421 786 1453 rum.
820 1406 902 1453 Amen.

234 1485 307 1516 tamus
320 1469 372 1516 Deo
389 1470 518 1516 sacnficium
536 1471 611 1527 laudis,
623 1471 645 1517 id
656 1479 696 1526 est,
762 1475 793 1516 22
810 1469 894 1517 Precor
905 1477 978 1517 autem
989 1487 1037 1526 voa,
1049 1470 1133 1527 iratres,
1146 1474 1193 1518 sul·

233 1533 329 1580 sntetum
348 1534 454 1580 labiorum
476 1535 632 1581 celebrantium
655 1550 696 1580 no-
729 1531 787 1580 lerre
797 1549 922 1580 sennonem
933 1536 1092 1582 exhortationis
1109 1537 1190 1600 hujus:

233 1613 284 1644 men
295 1601 349 1659 ejus.
729 1613 781 1644 uam
793 1599 868 1660 paucis
879 1599 906 1645 de
918 1600 961 1646 hoc
972 1600 1047 1661 sctipsi
1059 1601 1128 1646 vobis.

267 1665 296 1708 16
314 1660 476 1708 Beneficeutiae
487 1658 540 1708 vead
556 1669 579 1707 et
595 1677 696 1708 commu·
761 1666 793 1707 25
810 1663 895 1709 Scitote
903 1663 993 1710 fratrem
1002 1671 1103 1710 nostrum
1113 1663 1192 1710 'limo-
1231 1685 1233 1696 ·

233 1725 348 1773 nicationis
369 1741 398 1772 ue
419 1726 571 1772 obliviscimini
584 1744 589 1774 :
618 1727 697 1774 talibus
729 1725 804 1773 theom
816 1727 913 1772 solutum
924 1743 979 1779 esse.
989 1742 1039 1773 cum
1048 1743 1092 1788 quo
1102 1729 1131 1791 (si
1140 1744 1192 1775 innox

232 1791 291 1837 enim
303 1789 398 1836 victimis
409 1790 530 1836 delectatur
541 1789 613 1836 Deus.
729 1788 825 1849 venerit)
837 1790 917 1836 videbo
928 1805 976 1837 uos.

266 1857 295 1902 17
313 1853 407 1900 Obedite
426 1855 551 1901 doctoribus
569 1855 655 1908 vestris,
673 1865 697 1900 et
761 1858 792 1899 24
809 1855 907 1902 Salutate
924 1869 1002 1901 omnes
1020 1855 1122 1901 ductores
1141 1871 1193 1918 ves·

232 1918 393 1965 obsecundatc:
412 1920 522 1965 excubant
533 1919 592 1964 enim
604 1919 643 1980 ipsi
656 1934 696 1980 pro
728 1924 780 1972 tros,
792 1925 815 1964 et
826 1935 903 1964 omnes
912 1929 1007 1965 sanctos.
1042 1919 1192 1969 Sadutsntvoa

231 1983 345 2029 animabus
361 1982 441 2028 vestris
462 1989 566 2043 tauquam
588 1983 695 2029 rationem
729 1979 787 2028 Itali.

231 2045 350 2102 redditun';
367 2052 392 2091 ut
402 2061 453 2091 culn
464 2047 546 2107 gaudio
557 2047 599 2092 ltoc
607 2046 694 2099 saciant,
760 2049 791 2093 2⁵
809 2045 887 2093 Gratia
898 2047 927 2091 ait
939 2061 990 2091 cum
1002 2045 1103 2092 ontnibus
1120 2047 1189 2095 voluit.

230 2117 252 2156 et
263 2124 309 2155 noo
319 2116 447 2171 gementes:
470 2110 492 2156 id
507 2109 566 2156 euim
583 2117 618 2156 est
633 2111 695 2156 vobis
728 2108 810 2156 Amen.

231 2173 314 2220 inutile.
760 2172 798 2220 Ad
810 2172 926 2219 Hebraeos
937 2172 1018 2234 scn'pta
1033 2179 1067 2220 eat
1081 2187 1110 2220 ex
1127 2170 1192 2224 ltalia

264 2241 293 2284 18
319 2236 388 2284 Orate
403 2252 444 2302 pto
461 2237 536 2296 nobis;
563 2237 694 2284 confidimus
790 2236 992 2299 per'limotheum.

358 2687 528 2746 Jacom
554 2686 792 2746 aeosuoau
818 2685 1054 2746 ueisaouu

565 2810 859 2871 caauoch.
953 2817 955 2832 ·
1111 2791 1114 2796 ’

403 2951 477 3002 cAP.
495 2951 515 3000 Ι.
720 2952 784 2999 nibus
794 2947 897 3014 benignd,
915 2966 956 2997 nec
967 2950 1083 3013 exprobrat
1089 2965 1098 3007 ;
1114 2949 1188 2999 etde·

202 3027 211 3046 '
274 3015 418 3074 ACOBUS,
430 3018 476 3065 Dei
487 3034 513 3066 ac
525 3017 618 3064 Domini
633 3015 690 3064 Jeau
720 3017 779 3064 bitur
790 3017 817 3062 ei.

226 3097 240 3133 t
285 3081 370 3132 elarini
377 3099 460 3138 servus,
469 3083 585 3131 duodecim
591 3081 689 3129 tribubus
753 3085 769 3127 6
786 3080 830 3127 Sed
841 3077 937 3141 postulet
948 3093 998 3124 cum
1010 3075 1059 3131 lide,
1075 3076 1129 3124 nitu
1147 3077 1186 3124 ad-

226 3147 336 3210 dispetals,
348 3148 457 3194 salutem:
721 3145 839 3200 dubitans;
861 3143 961 3204 namqui
978 3142 1091 3202 (disceptat,
1109 3141 1186 3188 similit

174 3257 177 3264 ,
258 3210 436 3259 ΒΡτοιυωωο
449 3211 530 3272 gaudio
546 3210 626 3263 ducite,
642 3209 688 3256 ira·
719 3207 842 3256 estlluctoi
858 3207 932 3262 maris,
950 3206 987 3268 qui
1003 3206 1075 3252 ventio
1089 3205 1186 3266 agdtattu

225 3286 270 3322 tres
281 3275 332 3330 mei.
342 3276 429 3336 quoties
440 3275 462 3320 in
474 3275 607 3320 tentationes
618 3273 690 3320 varias
720 3273 854 3333 etjactatur.

226 3340 360 3396 luciden'tis3
753 3338 768 3384 'i
786 3335 841 3382 Non
849 3336 908 3382 enim
917 3333 1029 3380 existimet
1035 3332 1103 3377 homo
1114 3331 1151 3378 ille
1163 3347 1187 3378 ae

156 3390 160 3406 ’
256 3405 353 3451 alliud
364 3404 464 3456 scientes,
476 3401 650 3464 explorationem
661 3400 688 3446 fi·
721 3400 838 3462 quicquam
849 3393 1142 3459 accepturumtlDomino:

224 3467 258 3515 ‘lu'
269 3477 356 3516 vastrac
366 3468 452 3515 efficere
464 3465 609 3512 tolerantiam.
753 3467 768 3508 8
791 3465 821 3511 Ut
830 3465 871 3523 qui
878 3464 908 3509 sit
920 3462 953 3507 vir
970 3461 1044 3506 animo
1060 3459 1146 3520 duplici⁴
1165 3473 1186 3506 ut

224 3531 227 3542 '
256 3527 687 3590 4Caeterdmtolcrantiaopusperl'ec·
721 3535 849 3575 inconstans
859 3528 882 3572 in
894 3525 996 3572 omnibus
1007 3523 1048 3569 viis
1060 3524 1111 3569 suia

225 3598 367 3650 tumnaoeat,
384 3602 409 3641 ut
420 3596 467 3642 sitis
482 3594 573 3656 perfecti
590 3601 614 3638 et
630 3592 687 3638 iute-
754 3587 864 3645 9Ροπὸ,
886 3589 959 3644 irater,
982 3588 1019 3656 qui
1041 3594 1076 3633 est
1096 3587 1185 3634 bannilis

225 3659 265 3720 gri,
278 3659 308 3704 ita
319 3667 344 3704 ut
355 3659 409 3704 nihil
420 3659 482 3704 vobis
496 3659 559 3704 desit.
721 3654 859 3709 :onditiouin
881 3654 989 3716 glorietur
1010 3667 1034 3700 ,ιι
1052 3651 1183 3698 subnotata

256 3726 271 3770 ⁵
289 3719 686 3780 Quodsicoivestrdmdeestsapleu·
720 3717 775 3769 aut:

225 3786 260 3836 aa„
278 3783 373 3844 postulet
383 3781 397 3828 d
409 3783 467 3833 Deo.
485 3785 521 3843 qui
531 3785 568 3829 dat
576 3800 626 3829 eam
636 3799 685 3829 om·
753 3786 783 3828 10
801 3781 846 3836 Qui
859 3777 911 3827 verd
923 3779 984 3826 dives
995 3786 1036 3832 est,
1053 3779 1077 3826 in
1088 3779 1175 3825 sultanis
