2720 4312
546 387 653 438 PAULI
670 385 840 435 EPISTOLA
1126 439 1137 454 N

146 529 151 534 -
209 509 262 550 tum,
273 501 297 543 et
313 495 343 542 rlli
360 495 400 556 ipsi
417 495 447 540 rel
465 495 605 547 excubantes,
622 508 673 539 cum
721 474 770 538 Ὢ
786 491 862 546 Quem
874 490 923 537 miri
935 491 1009 538 advos
1020 491 1049 538 ob
1060 489 1082 538 id
1090 491 1169 553 ipsum,

208 561 269 608 omni
290 557 458 622 perseverantii,
477 566 499 604 et
516 558 674 619 supplicatione
706 563 731 602 ut
742 555 882 618 cognoscatis
899 570 934 602 res
947 562 1041 611 nostras,
1053 561 1076 602 et
1090 568 1170 604 conw-

208 639 248 688 pro
259 625 360 670 omnihus
371 623 466 679 sanctis3
705 620 764 667 letur
775 620 933 666 cordavestra.
1148 657 1150 660 .

241 691 271 736 lo
288 687 320 733 Et
331 702 371 748 pro
382 703 424 741 me,
434 694 458 732 ut
467 686 520 732 mihi
527 686 592 732 detur
600 699 674 732 sermo
738 687 771 729 2³
790 681 839 730 Pax
849 685 878 730 rit
890 685 949 730 ooor's
963 682 1073 737 fratribus,
1085 693 1108 729 et
1119 684 1171 732 cha·

208 751 235 800 sd
253 753 389 813 opertionem
412 751 457 796 oris
478 751 521 796 mei
538 765 589 796 curn
606 749 673 796 liber-
706 749 759 795 ritas
770 763 821 794 oum
832 747 876 794 lide
886 744 960 794 iaDeo
970 747 1043 802 Patre,
1052 757 1075 794 et
1087 747 1159 795 Demi

208 823 258 870 rste
270 822 295 861 ut
311 822 390 862 notum
406 815 485 862 faciam
501 814 632 875 mysterium
649 829 674 860 e·
706 829 737 860 no
748 811 804 860 Jesu
817 809 915 859 Christo.
1076 822 1078 830 ’

208 880 319 941 vangelii3
738 880 771 922 24
783 876 862 923 Gratia
874 877 905 923 sit
924 891 975 921 cum
994 875 1096 922 omnibus
1118 874 1168 922 dili·

239 947 272 990 20
292 941 363 1006 Cujus
378 939 446 989 causi
462 941 574 1004 legatione
589 941 674 1003 fungor
704 941 808 1004 gentibus
825 939 950 986 Dominum
969 945 1071 986 nostrum
1090 937 1171 988 Jnstn

207 1003 672 1068 antenatus,utinqnnmdeeoliberdlo·
707 1003 822 1054 Christum
849 1003 878 1051 ad
902 1003 1097 1052 immortalitatem
1125 1003 1168 1052 A·

207 1072 559 1184 luiiii'piliiimlcliii'n
580 1150 622 1182 ιι,
639 1149 675 1180 m
706 1083 765 1116 ω’
839 1118 841 1126 ’

208 1215 275 1256 mess,
286 1201 372 1262 etquid
382 1215 454 1262 agam
462 1199 538 1246 omnia
547 1199 611 1246 robis
622 1207 675 1244 note
771 1195 858 1259 Scripta
867 1193 910 1242 fuit
926 1191 1001 1244 Romi
1017 1195 1045 1244 ul
1061 1192 1175 1259 Epiri!

208 1265 273 1313 iaciet
282 1263 403 1326 Tychicus,
412 1266 492 1315 charus
502 1264 576 1320 frater,
584 1270 608 1311 et
618 1261 675 1310 fidus
802 1275 842 1324 per
851 1257 985 1322 'lychinum

209 1329 341 1376 ministeriu
353 1327 471 1386 Dominop
873 1359 875 1363 .
903 1337 906 1341 '
937 1359 940 1363 -

355 1723 503 1822 nunni
527 1745 1029 1820 Arosrour'arls'ronn

468 1883 530 1940 ιι)
557 1850 914 1942 ΡιιιιιΡΡιιιιεΕε.

384 2023 459 2073 CAP.
483 2021 503 2071 I.
737 2022 1173 2084 9Ethooprecor,utchsritasvestrs

262 2086 550 2136 AULUSet'l'imotheus
561 2088 618 2134 servi
631 2087 671 2136 Je-
704 2087 776 2134 adhuc
796 2089 869 2148 magis
890 2103 916 2134 sc
935 2089 1008 2150 magis
1024 2089 1132 2136 redundet
1149 2091 1173 2138 in

293 2167 320 2199 su
333 2150 422 2206 Christi,
434 2154 536 2201 omnibus
553 2154 634 2200 sanctis
649 2153 672 2198 in
704 2153 833 2214 cognitione
844 2159 866 2198 et
878 2152 939 2198 omni
950 2167 1031 2209 rensu3

207 2214 299 2265 Christo
310 2216 366 2265 Jesu
377 2217 414 2278 qui
425 2223 478 2262 sunt
494 2216 608 2279 Philippis,
627 2213 672 2263 und
738 2220 769 2264 lo
794 2215 828 2262 Ut
849 2215 985 2276 dignoscatis
1008 2232 1065 2277 quae
1087 2217 1171 2264 discre-

207 2297 257 2328 cum
268 2281 377 2343 episcopis
387 2297 413 2328 ac
421 2281 532 2338 diaconis3
696 2286 771 2347 pant3
799 2287 824 2326 ut
841 2280 889 2326 sitis
910 2280 996 2335 sinceri,
1018 2288 1042 2326 et
1062 2279 1172 2328 inoffenso

205 2373 208 2379 -
239 2345 591 2407 2Gratiavobisetpaaneo
604 2345 672 2392 Putre
703 2360 775 2404 cursu
786 2345 883 2406 pergatis
899 2345 927 2390 ad
940 2345 998 2390 diem
1009 2361 1080 2406 usque
1092 2343 1171 2393 Chris·

207 2415 290 2464 nostro,
301 2421 324 2456 et
335 2409 438 2457 Domino
448 2409 504 2458 ,lesu
517 2409 616 2458 Christo.
704 2409 721 2454 ti
728 2424 736 2464 ς

238 2479 255 2519 5
273 2475 362 2522 Gratias
373 2491 417 2535 ago
429 2474 482 2521 Deo
497 2489 670 2521 moocumom-
738 2475 764 2518 ll
796 2471 860 2518 Pleni
882 2471 988 2518 fructibus
1005 2472 1112 2534 justitiae.
1134 2475 1171 2533 qui

207 2538 228 2584 ni
240 2537 347 2584 memoriis
359 2539 432 2592 vestri,
703 2544 758 2584 suut
767 2552 807 2597 per
817 2536 896 2584 Jesum
907 2535 1021 2584 Christum
1032 2537 1061 2583 ad
1076 2538 1171 2600 gloriam

238 2605 254 2646 4
272 2602 364 2663 Semper
374 2603 397 2648 in
412 2601 472 2648 omni
484 2602 610 2666 precatione
620 2599 671 2649 med
702 2609 725 2648 et
735 2601 822 2647 laudem
834 2601 888 2647 Dei.

207 2680 246 2725 pro
257 2667 359 2712 omnibus
367 2666 436 2720 vobis,
443 2681 493 2711 cum
500 2667 583 2728 gaudio
594 2681 670 2729 preces
737 2669 767 2710 12
785 2664 860 2710 Velim
871 2672 945 2711 autem
957 2680 998 2711 ros
1009 2665 1072 2719 scire,
1083 2664 1170 2721 fratrea,

206 2727 294 2780 iaciens,
703 2728 824 2788 quaemihi
835 2731 977 2783 occiderunt,
991 2729 1064 2790 magis
1078 2729 1170 2790 adpro·

238 2794 253 2838 5
272 2791 343 2852 Super
354 2792 420 2837 vestri
436 2792 458 2836 in
476 2792 593 2852 cvangelio
608 2809 670 2838 nom·
703 2793 786 2839 sectum
797 2793 907 2854 evangelii
923 2792 1038 2840 evenisse:

206 2857 318 2910 munione,
335 2871 349 2901 a
362 2856 433 2917 primo
450 2856 486 2902 die
503 2872 572 2916 usque
591 2857 672 2904 adhoc
740 2861 769 2902 15
787 2855 850 2904 Aded
862 2864 886 2903 ut
897 2857 985 2904 vincula
995 2873 1046 2903 mea
1055 2856 1078 2902 in
1091 2853 1171 2904 Chris-

206 2929 292 2981 tempus
302 2936 309 2976 ;
705 2927 729 2966 to
743 2921 837 2967 celebria
853 2922 897 2967 sint
914 2921 936 2968 in
952 2929 1000 2968 toto
1015 2921 1132 2983 praetorio,
1144 2935 1171 2968 aa

239 2989 254 3032 6
272 2983 406 3030 Persuasum
427 2985 510 3032 habens
531 2984 575 3030 hoo
592 2987 671 3046 ipsum,
704 2985 792 3045 reliquis
804 2986 921 3031 omnibus:

206 3049 290 3096 forent
304 3050 426 3110 quicoepit
440 3050 463 3096 in
478 3049 540 3095 vobis
555 3065 611 3110 opus
629 3049 670 3096 bo·
739 3053 769 3094 14
792 3049 824 3094 Et
849 3048 947 3110 plerique
968 3065 996 3096 ex
1017 3048 1121 3095 iratribus
1147 3048 1170 3096 in

206 3128 265 3168 num,
286 3111 384 3174 perficiat
403 3129 472 3175 usque
489 3113 517 3160 ad
538 3113 597 3160 diem
615 3111 671 3161 Jesu
704 3111 812 3165 Domino,
832 3112 882 3158 freti
903 3114 996 3160 vinculis
1016 3113 1078 3166 meis,
1097 3113 1170 3174 magis

206 3175 306 3234 Christis
703 3177 798 3223 audeant
809 3173 920 3238 impavidi
932 3193 1057 3222 sermonem
1068 3176 1136 3236 loqui.

238 3245 252 3290 7
271 3241 425 3303 Sicutjustum
437 3249 472 3287 est
489 3251 513 3287 ut
530 3257 574 3303 ego
586 3240 608 3287 id
619 3255 670 3286 sen·
739 3245 768 3288 15
785 3241 820 3287 Ae
832 3241 933 3287 nonnulli
949 3238 1038 3301 quidem
1057 3256 1097 3301 per
1112 3241 1170 3288 invi·

205 3305 258 3354 tiam
280 3306 308 3351 de
329 3306 431 3352 omnibus
457 3305 527 3360 vobis,
555 3311 671 3366 propterea
702 3304 761 3351 diam
772 3316 795 3351 et
806 3305 979 3360 contentionem,
997 3303 1097 3351 nonnulli
1115 3300 1170 3353 verd
1193 3358 1196 3362 ,

205 3366 263 3430 qudd
275 3369 349 3414 anirno
361 3377 448 3416 teneam
460 3384 507 3423 vos,
516 3375 539 3415 et
546 3368 569 3415 in
576 3368 671 3414 vinculis
702 3376 769 3414 etrum
788 3365 899 3430 propensi
919 3369 1032 3416 voluntate
1055 3366 1169 3416 Christum

205 3433 259 3478 meis
270 3440 293 3478 et
303 3434 326 3478 in
338 3433 465 3479 defensione
473 3439 496 3479 et
502 3432 670 3478 continuatione
701 3433 834 3493 praedicant.

204 3497 321 3558 evangelii,
338 3512 386 3552 ros,
403 3498 506 3556 inquam,
523 3511 602 3542 omnes
625 3493 670 3542 und
736 3501 765 3543 16
782 3496 827 3543 Alli
854 3496 935 3552 uidem,
947 3497 1051 3558 taquam,
1077 3511 1102 3542 er
1115 3511 1167 3544 coru

205 3574 291 3606 mecum
303 3560 371 3607 luisse
381 3562 466 3622 gratiae
476 3561 599 3622 participes.
701 3561 823 3607 tentionem
836 3512 951 3608 Christum
963 3576 1008 3607 non
1019 3510 1076 3621 purg
1083 3573 1171 3608 annun·

236 3627 252 3668 8
268 3621 344 3670 Testis
354 3627 413 3671 enim
422 3625 475 3670 mihi
483 3631 519 3672 ost
525 3623 595 3676 Deus.
604 3621 670 3686 qudm
701 3625 767 3678 ciant,
784 3621 844 3685 qudd
858 3622 987 3671 existiment
1003 3640 1052 3670 sese
1067 3619 1170 3670 rufllictio·

183 3699 186 3706 '
205 3683 314 3749 propend
334 3687 449 3735 voluntate
467 3703 508 3734 vos
525 3703 603 3734 omnes
619 3689 668 3735 dili·
701 3703 753 3736 nem
765 3689 844 3735 addere
855 3688 1028 3736 vinculismeis:

206 3763 256 3810 pam
267 3747 291 3794 in
303 3749 421 3858 visrcrihps
432 3749 487 3798 Jesu
500 3749 591 3798 Christi·
738 3755 765 3799 ll
783 3752 828 3798 Alii
841 3750 894 3798 verri
904 3768 933 3799 ex
945 3753 1057 3824 charitate,
1074 3751 1171 3800 scientes
