2756 4320
459 398 486 448 1(
496 401 546 450 AD
559 401 781 458 CORINTHIOS,
806 403 863 450 VH.

181 524 219 568 qne
234 509 323 564 ebriosi,
336 524 412 570 neque
428 508 595 562 conviciatores,
609 523 649 554 ne·
681 515 703 554 et
714 508 749 554 rir
764 509 876 570 proprium
892 524 972 571 corpus
986 525 1031 556 nou
1047 511 1128 558 habeti

178 587 220 632 que
230 588 329 633 rapaces,
347 574 415 635 regni
432 573 479 620 Dei
495 573 650 619 haereditatem
681 580 796 634 potestate,
808 574 847 619 sed
858 588 921 619 uxor.

181 636 329 684 nussidebnnt.
570 661 576 672 =
671 647 677 660 ·
714 636 785 682 5Ne
801 637 900 683 fraudate
916 637 971 684 alter
988 637 1088 692 alterum,
1103 637 1138 685 nir

214 703 240 745 11
259 699 292 746 Et
299 701 356 746 hoec
363 699 431 746 eratis
438 699 598 758 unnsquisque:
612 699 651 744 sed
682 699 752 758 siquid
764 715 792 746 ex
803 716 911 746 consensu
923 702 950 747 od
962 711 1055 763 tempus.
1067 711 1092 748 ut
1103 717 1142 748 ra-

183 763 247 809 ehluti
257 765 319 818 estis,
335 765 375 810 sed
392 763 521 810 sanctificati
538 764 597 815 estis,
612 763 650 808 sed
682 764 736 808 cetis
747 765 833 825 jejunio
843 771 867 810 et
882 766 997 825 precibus:
1017 772 1040 812 et
1057 781 1144 813 rursum

183 827 295 888 justificati
318 827 379 880 estis,
403 829 426 874 in
449 827 538 872 nomine
558 826 650 870 Domini
682 815 876 878 simulconrdnite,
887 830 1144 878 netentetrnsSntunn

183 888 244 944 Jesu,
255 900 278 936 et
289 907 329 952 [nr
342 891 449 952 Spiritum
464 890 508 936 Dei
518 889 593 935 nostri.
682 898 770 951 propter
781 892 961 937 incontinentiam
972 901 1076 939 vestrum.

217 957 246 999 12
263 953 348 1000 Omnia
359 955 412 1000 mihi
423 955 496 1004 dicent,
508 961 530 998 at
544 968 589 998 non
600 969 649 999 om-
714 959 729 999 6
747 953 800 1000 Hoc
812 963 885 1000 autem
897 955 945 1000 dico
956 970 984 1001 ex
995 957 1141 1013 concessione,

184 1017 221 1064 nin
229 1018 376 1073 conducunt;
394 1019 468 1063 onmia
480 1017 531 1062 mihi
544 1017 615 1070 licent,
627 1023 651 1062 at
683 1032 727 1062 non
738 1031 766 1062 ex
778 1017 876 1078 imperio.

184 1094 228 1142 ego
239 1097 285 1127 non
297 1082 381 1142 redigar
399 1083 440 1126 sub
451 1081 515 1126 ullius
528 1081 558 1126 rei
574 1090 648 1141 potes·
715 1084 728 1126 7
747 1080 806 1126 Nam
819 1082 885 1126 uelim
896 1097 974 1128 omnes
984 1082 1085 1129 homines
1096 1099 1142 1132 etat

186 1153 260 1193 gean.
681 1151 706 1188 ut
716 1144 797 1204 etipse
807 1160 870 1190 snm:
890 1145 929 1192 sed
938 1147 1086 1206 unusquisque
1093 1163 1143 1208 pro·

218 1211 249 1253 13
266 1207 339 1254 Escae
358 1208 430 1254 ventri
445 1208 573 1254 destinatae
589 1215 649 1261 mitt,
680 1208 753 1267 prium
774 1207 857 1254 donum
879 1209 943 1255 hebet
961 1224 990 1255 ex
1008 1209 1074 1266 De03
1091 1211 1145 1258 nius

183 1279 207 1319 et
218 1279 297 1318 tenter
307 1272 379 1318 escis:
401 1271 466 1317 Deus
473 1280 546 1317 eutem
557 1279 581 1317 et
591 1271 650 1316 hunc
680 1268 769 1330 quidem
781 1272 818 1324 ita,
830 1272 884 1318 alius
896 1281 967 1318 autem
979 1275 1017 1319 ita.

184 1345 205 1382 et
224 1351 262 1382 eas
281 1336 381 1381 abolebit.
423 1334 511 1396 Coqrus
528 1331 582 1380 ueni
604 1350 649 1381 non
713 1337 728 1378 8
746 1333 1051 1384 Dicoeutemcoelihibuset
1068 1337 1142 1392 riduir,

184 1399 319 1452 scortationi,
332 1399 370 1445 sed
383 1399 490 1453 Domino,
501 1408 525 1444 et
537 1397 650 1444 Dominus
681 1397 762 1443 honum
773 1400 805 1444 eis
816 1409 856 1454 est,
868 1401 886 1447 si
897 1401 929 1447 nic
940 1402 1060 1448 ntunserint
1082 1412 1144 1449 utet

186 1463 281 1522 corpori.
679 1477 723 1522 ego
734 1479 822 1510 mnrreo.

219 1531 249 1572 14
267 1526 413 1572 Deusoutem
424 1535 448 1572 et
459 1525 583 1572 Dominum
600 1541 649 1572 sus·
714 1531 728 1572 9
745 1525 813 1580 Qudd
824 1528 841 1574 si
850 1544 926 1574 senon
936 1529 1023 1575 contine
1032 1537 1056 1577 rt.
1066 1530 1143 1576 matn'-

185 1591 268 1643 citarit,
279 1599 302 1636 et
313 1605 354 1636 nos
365 1589 478 1636 suscitabit
485 1587 583 1650 potentii
594 1587 640 1634 suri.
680 1589 779 1636 monium
791 1594 933 1638 contrahant:
953 1609 1004 1639 nam
1016 1594 1094 1639 meiius
1110 1603 1143 1640 est

221 1657 251 1700 15
269 1653 648 1714 Anignoratiscorporuvestrues·
681 1654 843 1701 matrimonium
854 1658 990 1708 contrahere.
1001 1654 1067 1716 qnaim
1079 1658 1119 1702 uri.

186 1733 210 1764 se
220 1719 319 1764 membro
331 1716 433 1764 Christi?
450 1717 512 1762 Num
524 1717 592 1778 igitur
606 1716 649 1762 tol·
715 1721 745 1762 10
763 1716 873 1764 Iisautem
882 1720 919 1778 qui
928 1719 1143 1782 matrimoniojnncti

186 1781 234 1830 lens
245 1783 343 1827 membru
360 1780 450 1834 Christi,
468 1780 546 1827 sociam
562 1788 588 1826 ut
603 1783 649 1826 sint
680 1788 738 1832 sunt,
750 1781 865 1835 denuncio,
876 1796 922 1827 non
938 1797 988 1841 ego,
1006 1783 1044 1827 sed
1062 1783 1144 1828 Domi-

186 1846 253 1890 ucorti
265 1845 380 1891 membra?
397 1845 470 1890 Absit.
680 1859 729 1895 nus,
743 1843 809 1889 Uxor
818 1859 833 1890 a
842 1845 890 1890 tiro
901 1859 930 1890 ne
941 1852 1079 1904 seseparato.

222 1913 251 1954 16
269 1910 306 1954 An
318 1909 425 1969 ignoretis
440 1924 491 1954 eum
503 1908 539 1968 qui
552 1907 649 1968 aggluti·
715 1910 741 1952 11
762 1903 831 1960 Qudd
849 1907 867 1952 si
887 1923 911 1953 se
928 1905 1039 1968 seqrardrit,
1057 1918 1143 1956 maneat

187 1979 252 2018 natur
262 1982 342 2025 scorto,
355 1987 424 2020 unum
440 1988 489 2018 esse
503 1987 583 2033 corpus
597 1987 649 2018 cum
681 1970 778 2031 innupta,
790 1981 827 2016 ant
838 1971 1060 2018 viroreconcilietorr
1079 1981 1102 2018 et
1111 1975 1142 2019 cir

186 2037 284 2083 scorto?
301 2035 375 2082 Erunt
386 2037 452 2090 enim,
470 2036 546 2096 inquit,
557 2037 594 2096 qui
606 2036 650 2082 duo
682 2049 773 2080 uxorem
785 2049 813 2080 ne
824 2036 934 2081 dimittito.

186 2109 259 2153 eram,
271 2116 323 2146 caro
334 2115 384 2145 una,
715 2103 745 2144 12
761 2098 861 2158 Reliquis
873 2108 946 2146 eutem
963 2115 1006 2162 ego
1022 2101 1078 2154 dico,
1096 2117 1141 2148 non

221 2168 249 2210 17
265 2164 310 2217 Qui
319 2161 532 2224 cerdagqutinutur
542 2163 649 2217 Domino,
683 2161 803 2208 Dominust
818 2164 1143 2223 Siquisi'rateruxoremhoheut

187 2244 243 2274 unus
254 2243 305 2273 cum
316 2243 343 2273 eo
354 2228 443 2288 spiritus
454 2235 495 2272 est.
681 2225 797 2279 infidelem,
809 2241 864 2286 quae
875 2229 997 2273 consentiat
1008 2229 1035 2273 nd
1044 2230 1139 2274 hubitan-

221 2295 250 2336 18
277 2290 357 2352 Fugite
379 2291 542 2336 scortationem.
576 2289 650 2338 Omne
681 2289 734 2334 dum
745 2304 937 2343 contemnemur
946 2291 1057 2336 dimittito.

119 2375 124 2380 ·
188 2364 300 2416 pecudum
318 2355 376 2414 quod
395 2354 472 2398 fecerit
493 2354 566 2406 homo,
588 2362 651 2399 extra
716 2356 746 2398 13
763 2351 795 2398 Et
806 2367 862 2398 uxor
872 2368 929 2412 quae
939 2354 1003 2399 hahet
1014 2353 1141 2399 viruminti-

187 2435 267 2480 corpus
277 2429 327 2474 est;
344 2417 428 2477 sedqui
440 2424 555 2471 scortatur,
563 2418 585 2463 in
597 2433 648 2478 pro·
681 2416 759 2470 delean,
770 2416 808 2476 qui
819 2417 942 2462 consentiat
958 2417 986 2462 ed
1002 2418 1141 2464 habitandum

188 2483 258 2544 prium
269 2497 349 2543 corpus
359 2489 443 2542 penem.
682 2495 733 2525 cum
744 2477 777 2532 ed,
789 2495 817 2526 ne
827 2495 878 2525 eum
890 2480 1000 2526 dimittito.
1159 2477 1167 2492 ‘

222 2551 250 2594 19
268 2547 306 2592 An
323 2546 431 2606 ignoratis
452 2559 533 2605 corpus
552 2553 649 2590 vestrum
717 2548 746 2589 14
763 2543 860 2591 Meritus
870 2544 929 2590 enim
940 2544 1033 2590 infidelis
1046 2545 1142 2590 sanctifi·

188 2625 235 2656 csse
246 2609 353 2670 templum
366 2609 461 2668 Spiritds
473 2608 554 2661 Sancti,
567 2611 608 2668 qni
618 2618 650 2655 est
681 2615 744 2654 cotus
754 2617 788 2654 est
804 2606 826 2653 in
843 2622 919 2663 uxore,
936 2615 960 2654 et
978 2624 1034 2655 uxor
1052 2609 1142 2658 inhdclis

188 2673 209 2718 in
226 2675 295 2728 uobis,
308 2688 373 2734 quem
389 2672 472 2718 habetis
483 2689 496 2717 a
509 2671 567 2726 Deo,
579 2687 650 2732 neque
681 2671 816 2718 sanctificate
825 2679 859 2718 est
870 2672 893 2718 in
905 2673 965 2719 nro:
985 2673 1066 2734 alioqui
1082 2669 1142 2719 certd

190 2753 227 2784 ros
237 2752 287 2782 esse
297 2737 364 2782 vestri
371 2735 448 2797 juris?
681 2735 821 2789 liberivestri
832 2736 911 2798 impuri
922 2746 1010 2795 essent;
1028 2754 1087 2784 nnnc
1103 2753 1142 2784 au·

219 2805 251 2846 ‘20
267 2799 328 2854 Nem
335 2801 403 2860 empti
410 2799 464 2844 estis
474 2800 560 2860 pretio:
579 2799 648 2860 glori·
681 2805 726 2844 tem
737 2800 875 2848 sanctisunt.

187 2862 250 2910 heato
261 2864 329 2924 igitur
341 2862 417 2908 Deum
429 2864 451 2907 in
465 2879 557 2922 corpore
568 2871 649 2918 vestro,
715 2867 744 2910 15
761 2866 795 2911 At
806 2865 824 2910 si
835 2864 928 2911 infidelis
940 2881 988 2910 sese
999 2873 1090 2926 separet,
1107 2880 1142 2910 re·

187 2935 209 2974 et
219 2928 242 2974 in
253 2928 331 2989 spiritu
341 2935 423 2980 restro,
434 2941 490 2986 quae
501 2935 552 2972 sunt
564 2925 616 2973 Dei.
681 2933 769 2988 paratus
779 2937 844 2974 ector
863 2943 908 2973 non
925 2937 958 2974 est
967 2929 1074 2973 *servituti
1091 2929 1141 2973 sub·

675 2992 749 3051 jectus
765 2991 833 3038 freter
848 2997 886 3036 aut
902 3005 965 3035 soror
981 2991 1003 3035 in
1020 2991 1142 3050 huJusmodi

343 3051 417 3109 CAP.
440 3051 499 3098 VII.
680 3055 762 3101 rebus:
786 3054 824 3100 sed
845 3053 873 3098 ad
894 3067 970 3114 pacem
993 3053 1082 3098 vocarit
1103 3067 1143 3099 nor

240 3117 445 3171 AETERUM
461 3117 580 3176 dequibus
596 3117 649 3166 mihi
683 3116 755 3162 Deus.

266 3181 399 3242 scripsistis:
420 3180 509 3226 Bonum
512 3179 589 3242 fiterit
601 3181 649 3226 viro
717 3184 746 3226 16
762 3178 851 3238 Ecquid
868 3178 928 3224 enim
948 3176 1012 3231 misti,
1032 3191 1095 3232 uxor,
1115 3191 1141 3226 ec

187 3245 301 3292 muherem
313 3259 358 3290 non
370 3244 486 3305 attingere.
682 3244 753 3290 virum
765 3242 795 3288 sis
806 3241 937 3288 servatura?
953 3249 992 3288 aut
1002 3242 1079 3302 ecquid
1091 3239 1151 3290 nde·

220 3313 235 3354 2
252 3309 297 3356 Sed
314 3315 404 3370 propter
422 3308 565 3354 scortationes
588 3323 649 3352 sunm
682 3308 705 3361 ti,
716 3307 755 3360 vir,
767 3321 795 3351 an
804 3319 896 3351 uxorem
908 3305 938 3351 sis
949 3305 1095 3352 servaturus?

188 3373 279 3432 quisque
294 3386 387 3417 uxorem
405 3371 490 3426 hebeto,
501 3380 524 3416 et
538 3371 650 3433 proprium
716 3374 744 3417 17
763 3369 807 3416 Sed
818 3376 842 3415 ut
859 3369 976 3429 unicuique
992 3371 1076 3415 donum
1092 3383 1139 3432 per·

189 3451 287 3497 quaeque
297 3435 465 3480 vinrmhabeto.
545 3453 548 3460 ·
682 3434 735 3479 titus
746 3441 779 3480 est
791 3432 862 3486 Deus,
879 3441 904 3478 ut
915 3447 1093 3494 unumquemque
1104 3448 1143 3480 tea

218 3503 235 3544 ³
253 3499 326 3546 Uxori
349 3499 383 3544 vir
404 3499 497 3544 debitam
516 3497 649 3544 benerolen·
682 3497 741 3542 cavit
753 3496 871 3549 Dominus,
884 3496 915 3542 ita
927 3496 1019 3549 incedat,
1036 3504 1059 3542 ct
1076 3497 1106 3544 ite
1122 3497 1143 3547 ta

195 3562 238 3608 iem
251 3563 352 3618 reddit03
369 3561 469 3608 similiter
475 3571 549 3606 autem
560 3571 582 3606 et
594 3575 650 3606 uxor
681 3561 778 3606 ecclesiis
789 3559 891 3604 omnibus
900 3560 1018 3604 constituo.

188 3626 241 3671 «iro,
716 3627 745 3668 18
758 3621 990 3682 Circumcisusuiiquis
997 3629 1088 3670 vocatus
1094 3621 1142 3672 etti

218 3692 235 3733 4
252 3687 318 3734 Uxor
326 3689 438 3750 proprium
445 3703 525 3748 corpus
534 3702 578 3732 non
586 3687 650 3732 habet
681 3702 710 3733 ne
718 3687 811 3732 attrahat
819 3689 980 3746 mamutium:
1000 3687 1022 3732 in
1031 3690 1142 3752 praepone

219 3759 329 3814 potestne
347 3753 384 3798 sed
397 3753 453 3856 vilra:¹
465 3751 564 3798 similiter
575 3759 648 3800 eutem
670 3749 758 3811 'aliquis
767 3758 858 3798 vecutus
868 3750 922 3796 est?
933 3767 961 3798 ne
969 3752 1150 3801 circumcidant:-
