2720 4312
547 379 652 432 PAULI
669 380 836 430 EPIsTOLA

215 495 237 536 at
258 486 358 534 infirmos
379 485 544 534 lucrifecerant
573 487 675 532 omnbus
703 501 780 532 eorum
791 483 962 541 munnuriuunt.
978 495 1002 533 et
1018 487 1131 549 perierunt
1141 491 1167 534 ab

214 551 284 600 fartus
295 567 344 598 suna
360 553 435 605 omnia,
452 559 477 597 ιιι
488 548 578 597 omnino
589 551 673 610 aliquos
703 550 880 595 exterminatore.

214 630 331 662 servarem.
738 617 764 658 ll
786 610 1163 674 Haecautenrornniatypicbeve·

246 682 277 723 95
295 677 348 724 Hoc
356 684 429 723 autern
440 677 497 723 facio
507 684 597 738 propter
607 693 675 723 evan·
705 677 842 722 nerunteis:
867 675 1165 738 scriptaverbsuntadnos·

215 741 304 806 galium,
316 749 341 786 ut
351 756 442 787 consors
453 743 500 802 ejus
511 739 569 786 iiam.
704 740 733 784 tri
743 740 921 794 admonitionem,
937 742 959 786 in
970 757 1026 802 quos
1037 741 1093 788 fines
1103 758 1165 789 secu·

247 809 278 852 94
296 804 452 866 Anignoratis,
459 804 541 865 eosqui
548 804 618 850 stadio
625 811 676 849 eur·
705 803 777 848 lorum
788 813 937 850 occurrerunt

217 878 273 922 runt,
289 883 366 914 ornnes
382 863 471 928 quidem
488 883 583 922 currere,
600 868 638 914 sed
650 883 676 913 u·
739 870 768 911 19
786 865 864 927 Itaque
881 869 919 928 qui
936 869 981 914 nbi
998 869 1086 914 videtur
1102 878 1166 925 ειυς,

216 947 270 979 nurn
283 933 381 992 accipere
392 931 530 992 praemium?
549 932 585 978 Sic
596 933 677 978 currite
705 930 777 976 rideat
789 945 816 976 ne
827 931 897 977 cadat.

216 1005 298 1044 tttcom
315 996 445 1042 rehendutis.
739 997 768 1038 15
785 993 890 1040 Tentatio
900 1011 941 1041 ros
952 1011 997 1042 non
1008 995 1164 1056 cepitnisibu·

249 1063 280 1106 95
299 1012 369 1106 i'orrb
380 1059 478 1120 quisquis
488 1067 564 1112 certat,
573 1057 595 1104 in
604 1057 677 1103 omni-
705 1072 786 1112 mana3
808 1056 878 1103 fideiis
896 1067 970 1105 autem
988 1066 1020 1104 eat
1040 1058 1112 1113 Deus,
1129 1069 1167 1120 qur

218 1121 257 1171 bus
266 1130 299 1170 est
307 1123 430 1169 continens.
459 1119 678 1182 iiliquidemitaque
706 1136 750 1165 non
762 1121 819 1166 sinet
830 1137 871 1167 vos
887 1122 966 1168 tentari
984 1137 1049 1182 supra
1066 1124 1091 1168 id
1108 1122 1167 1183 quod

220 1196 242 1234 at
254 1187 373 1248 peu'turanr
385 1201 489 1232 eoronam
501 1187 613 1247 accipiant,
624 1193 678 1232 sunt
706 1185 803 1244 potestis,
814 1185 853 1230 sed
861 1182 905 1231 uni
913 1201 964 1230 curn
973 1187 1093 1232 tentatione
1101 1201 1165 1247 pree-

220 1252 371 1306 enutrientes,¹
389 1265 430 1296 nos
441 1257 553 1304 autemut
563 1251 678 1310 incorrup-
706 1248 770 1357 sappi
780 1248 846 1294 etiem
863 1249 954 1302 exitum,
972 1256 997 1294 ut
1012 1250 1100 1311 possitis
1116 1265 1167 1296 ean

217 1318 270 1360 tarn.
707 1325 732 1358 ιιι
764 1326 805 1357 rre.

251 1381 282 1422 96
299 1375 351 1437 Ego
363 1374 430 1436 igitur
440 1375 471 1422 ita
481 1391 547 1422 curro
565 1383 589 1421 ut
599 1391 644 1422 non
655 1375 678 1422 in
741 1378 771 1420 14
788 1374 935 1437 Quapropter,
946 1376 1019 1422 dilecti
1030 1376 1080 1430 mei,
1095 1376 1168 1438 fugite

217 1439 325 1484 incertum
335 1456 340 1484 ¹.
359 1439 390 1484 ita
400 1439 497 1501 pugilem
508 1453 558 1500 ago,
570 1447 595 1485 ut
605 1440 679 1485 a'e'renr
706 1438 733 1484 ab
744 1437 874 1486 idoiolatriti.

218 1517 264 1551 uon
274 1502 374 1548 caedens.
741 1505 770 1548 1⁵
788 1501 822 1550 Ut
832 1503 1003 1564 intelligentibus
1013 1503 1107 1563 loquor:
1127 1505 1167 1566 ju-

251 1568 281 1612 97
299 1565 344 1611 Sed
354 1564 466 1612 contundo
477 1580 557 1626 corpus
567 1580 648 1619 meum,
656 1572 680 1611 et
706 1565 777 1611 dicate
787 1583 828 1612 vos
838 1567 898 1626 quod
908 1569 950 1614 aio.

218 1628 242 1674 in
254 1629 381 1674 servitutem
392 1629 483 1690 redig03
506 1644 534 1675 ue
550 1643 594 1689 quo
605 1630 679 1675 modo.
741 1632 770 1674 16
788 1628 896 1676 Poculum
907 1629 1063 1676 benedictionis
1074 1631 1110 1677 cui
1126 1631 1167 1676 be-

220 1707 287 1752 quum
303 1691 350 1738 aliis
366 1693 513 1754 praedicarim,
530 1693 577 1753 ipse
588 1693 669 1754 rejects
706 1693 833 1746 nedieimus,
851 1709 925 1738 nonne
938 1694 1063 1739 commuuio
1075 1696 1168 1755 sangui·

220 1755 343 1803 ueusfiain.
706 1756 741 1801 nis
753 1754 835 1802 Christi
846 1757 902 1802 est?
924 1757 986 1817 panis
1001 1771 1067 1817 quem
1082 1757 1169 1818 frangi·

707 1833 763 1872 urus,
770 1834 844 1866 nonne
851 1822 977 1866 commuuio
984 1821 1081 1882 corporis
1090 1819 1169 1868 Chris·

387 1883 460 1932 CAP.
485 1884 515 1930 Χ.
707 1883 787 1928 tiest?

284 1946 372 1994 0L11t1
383 1957 456 1994 autem
465 1964 506 1994 vos
515 1948 623 2008 ignorare,
633 1945 679 1993 fre·
741 1950 768 1993 17
787 1946 899 2000 Quoniam
911 1963 968 1992 unus
978 1955 1009 1993 est
1018 1947 1086 2007 panis,
1099 1962 1169 1992 unum

309 2018 360 2063 tres,
371 2019 443 2071 putres
455 2018 542 2057 nostros
553 2025 630 2057 omnes
641 2011 681 2056 sub
706 2025 786 2070 corpus
802 2027 848 2065 nos,
865 2012 902 2071 qui
919 2011 981 2057 multi
1001 2025 1092 2056 sumus:
1117 2026 1170 2057 nem

221 2071 325 2119 illinube
340 2074 413 2128 fuisse,
431 2082 454 2119 et
471 2089 548 2120 ornnes
565 2089 604 2135 per
620 2089 681 2120 mare
707 2089 784 2120 ornnes
805 2089 834 2120 ex
855 2090 900 2120 uno
921 2075 958 2120 illo
978 2089 1033 2137 pane
1051 2074 1169 2135 participa-

221 2137 346 2182 transivisse
355 2152 363 2193 3
707 2153 764 2182 rnus.

253 2203 268 2244 9
285 2199 317 2245 Ει
328 2215 405 2246 omnes
418 2200 441 2246 in
459 2200 542 2248 Mosen
557 2201 681 2263 baptizatos
742 2205 771 2247 18
788 2201 869 2247 Videte
881 2199 985 2246 lsraelem
996 2202 1038 2260 qni
1047 2209 1169 2247 estsecun·

221 2278 269 2310 esse
280 2266 337 2310 nube
348 2271 370 2310 et
381 2265 451 2311 mari:
708 2263 761 2310 duur
772 2280 876 2310 earnem:
895 2280 969 2310 nonne
983 2265 1020 2324 qui
1036 2265 1105 2310 edunt
1121 2266 1168 2310 vio·

253 2332 270 2374 ὅ
287 2327 319 2374 Ει
338 2344 415 2375 omues
433 2329 525 2375 eandem
544 2344 616 2376 ειοιιιι
636 2327 681 2390 spi·
709 2331 779 2382 tirnas,
790 2335 904 2374 consortes
915 2335 966 2374 aunt
977 2328 1068 2374 aitaris?

222 2391 319 2438 ritualem
332 2393 416 2439 edisse:
473 2439 477 2444 ,
743 2397 773 2438 19
790 2391 850 2444 Quid
869 2407 923 2452 ergo
942 2391 1010 2437 dico?
1031 2390 1114 2436 idolum
1128 2389 1168 2436 aii·

255 2460 269 2500 4
286 2455 319 2501 Et
325 2472 402 2502 ornnes
409 2456 502 2502 eundem
509 2463 585 2518 potum
593 2455 681 2516 spiritu-
709 2455 840 2516 quidesse?
861 2463 899 2500 aut
914 2456 973 2515 quod
989 2453 1051 2500 idciiis
1067 2454 1170 2500 immola·

222 2518 278 2564 alem
289 2519 383 2564 bibisse:
408 2520 508 2566 bibebant
523 2521 582 2566 eninr
600 2535 628 2565 ex
646 2535 681 2565 se·
710 2527 757 2566 tum
768 2526 808 2572 est,
820 2519 901 2578 aliquid
911 2519 978 2564 esse?

221 2589 302 2640 querite
321 2582 424 2642 spirituaii
443 2581 518 2644 petriz
546 2582 613 2629 Petra
629 2579 682 2629 reni
742 2587 774 2628 90
791 2580 841 2628 Ιιιιό
852 2583 910 2628 illud
920 2584 978 2636 dico,
988 2596 1044 2641 quse
1055 2579 1170 2626 immolant

222 2645 259 2689 iiia
269 2653 316 2690 erat
328 2643 437 2690 Christus.
709 2653 795 2706 gentes,
813 2646 933 2692 daemoniis
948 2645 1069 2699 immolant.
1085 2651 1108 2689 et
1124 2659 1171 2689 non

253 2709 269 2752 5
287 2707 331 2752 Sed
345 2705 460 2768 plerosque
476 2708 563 2754 illorum
580 2724 625 2754 non
641 2724 680 2769 ap-
711 2710 777 2756 Deos
796 2710 864 2756 nolim
871 2717 944 2756 autem
952 2724 992 2754 vos
999 2716 1112 2754 consortes
1121 2708 1171 2754 {ae-

222 2769 320 2830 probavit
337 2769 415 2826 Deus;
436 2771 538 2830 prostrati
555 2780 607 2817 suut
622 2774 682 2818 enim
710 2773 835 2818 moniorum
845 2789 900 2818 esse.

221 2847 243 2878 ιιι
255 2833 348 2879 deserto.
743 2840 771 2882 91
791 2836 845 2882 Νοιι
856 2837 948 2898 potestis
958 2836 1061 2897 poculum
1076 2833 1171 2880 Domini

253 2900 269 2942 6
287 2895 351 2942 Haec
362 2903 435 2942 autem
447 2897 493 2958 typi
505 2897 573 2944 nostri
585 2897 681 2953 suerunt.
710 2900 789 2954 bibere,
796 2908 819 2946 et
827 2899 930 2961 poculum
937 2900 1112 2946 daemoniorum:
1125 2913 1171 2948 nou

223 2967 248 3006 ut
258 2975 287 3006 ne
297 2960 608 3021 concupiscamusresrualas,
626 2963 683 3010 siout
710 2965 802 3024 potestis
827 2979 917 3010 mensae
941 2963 1035 3009 Domini
1056 2962 1173 3024 participes

222 3024 252 3070 iili
263 3025 443 3086 concupiverunt.
710 3043 765 3081 esse,
776 3034 800 3073 et
809 3042 898 3073 mensae
909 3027 1081 3074 daemoniorum.

253 3090 268 3135 7
285 3087 323 3134 Ne
330 3088 398 3150 igitur
405 3088 532 3136 idololatrae
539 3095 616 3143 estote,
626 3089 682 3136 sicut
743 3095 775 3136 99
791 3090 830 3137 An
841 3106 988 3151 provocamus
998 3091 1026 3136 ad
1041 3088 1173 3136 aemulatio·

220 3152 309 3213 quidam
317 3168 407 3208 eorum
425 3160 450 3199 ut
458 3153 562 3214 seriptum
571 3160 611 3206 est,
621 3153 682 3199 Sedit
711 3168 762 3199 nem
776 3149 921 3200 Dominum?
943 3169 996 3200 uum
1012 3153 1129 3202 validiore·
1144 3168 1173 3198 eo
1222 3181 1227 3189 -

222 3215 315 3279 pipuius
336 3216 363 3262 nd
384 3216 493 3262 edendum
514 3231 540 3263 ac
558 3217 681 3272 bibendum,
711 3217 806 3264 sumus?

224 3285 239 3324 et
254 3285 396 3325 surrexerunt
406 3280 434 3324 ad
445 3279 570 3326 ludendum.
744 3285 775 3326 95
792 3280 874 3327 Omnia
884 3281 937 3326 mibi
948 3280 1021 3332 licent,
1032 3286 1055 3325 at
1066 3295 1110 3325 uon
1122 3295 1173 3325 orn·

254 3346 268 3386 8
286 3341 366 3403 Neque
377 3350 505 3397 scortentur,
522 3349 579 3388 sicut
593 3342 680 3402 quidum
712 3343 885 3401 niacouterunn
902 3347 977 3390 omnia
985 3344 1037 3390 mihi
1048 3343 1122 3398 linunt,
1134 3343 1173 3390 set

221 3420 296 3452 torum
309 3406 398 3452 scortati
406 3415 464 3459 sunt,
473 3414 495 3452 et
503 3407 628 3452 cecideruut
637 3422 682 3453 uno
711 3423 756 3452 non
768 3407 842 3454 omnia
852 3407 973 3454 aedificant.

223 3469 257 3534 niq
269 3470 347 3528 viginti
359 3476 401 3516 trie
411 3471 485 3516 miliia.
745 3475 776 3516 94
792 3470 868 3516 Nemo
878 3471 938 3532 quod
948 3485 1013 3516 suurn
1026 3476 1061 3516 est
1076 3476 1172 3530 quserat.

254 3537 269 3578 9
286 3532 367 3593 Neque
374 3540 485 3580 tentemus
495 3531 616 3585 Christum,
626 3532 683 3579 sicut
712 3535 751 3580 sed
761 3534 853 3594 quisque
864 3535 923 3594 quod
933 3534 1022 3581 alterius
1032 3541 1072 3580 est.

221 3594 309 3654 quidum
328 3612 405 3642 eorum
424 3595 543 3652 tennerunt,
562 3604 585 3644 et
602 3610 616 3644 a
634 3612 681 3643 ser·
744 3600 775 3644 95
792 3597 904 3658 Quicquid
914 3597 938 3645 in
953 3597 1046 3643 macello
1062 3595 1171 3649 venditur.

222 3658 321 3718 pentibus
332 3659 450 3717 perierunt.
711 3661 775 3713 edite,
787 3661 841 3706 nihil
852 3662 1013 3724 interrogantes
1020 3666 1110 3723 propter
1117 3674 1166 3707 con·

256 3724 285 3764 10
299 3720 378 3774 Neque
384 3730 524 3776 murmurate,
530 3723 679 3784 sicutqutctm
713 3724 843 3770 scientiane
