<?xml version="1.0" encoding="UTF-8"?>
<!DOCTYPE html PUBLIC "-//W3C//DTD XHTML 1.0 Transitional//EN"
    "http://www.w3.org/TR/xhtml1/DTD/xhtml1-transitional.dtd">
<html xmlns="http://www.w3.org/1999/xhtml" xml:lang="en" lang="en">
 <head>
  <title>
</title>
<meta http-equiv="Content-Type" content="text/html;charset=utf-8" />
  <meta name='ocr-system' content='tesseract 3.04.00' />
  <meta name='ocr-capabilities' content='ocr_page ocr_carea ocr_par ocr_line ocrx_word'/>
</head>
<body>
  <div class='ocr_page' id='page_1' title='image "./novumtestamentu03unkngoog_0025.png"; bbox 0 0 2734 4314; ppageno 0'>
   <div class='ocr_carea' id='block_1_1' title="bbox 500 417 823 476">
    <p class='ocr_par' dir='ltr' id='par_1_1' title="bbox 500 417 823 476">
     <span class='ocr_line' id='line_1_1' title="bbox 500 417 823 476; baseline 0.006 -8"><span class='ocrx_word' id='word_1_1' title='bbox 500 417 724 476; x_wconf 74' lang='lat' dir='ltr'>MA&#39;ITHAEUS.</span> <span class='ocrx_word' id='word_1_2' title='bbox 749 420 823 470; x_wconf 83' lang='lat' dir='ltr'>Xlll.</span> 
     </span>
    </p>
   </div>
   <div class='ocr_carea' id='block_1_2' title="bbox 177 521 1142 3837">
    <p class='ocr_par' dir='ltr' id='par_1_2' title="bbox 179 521 1142 710">
     <span class='ocr_line' id='line_1_2' title="bbox 180 521 1142 584; baseline 0.002 -13"><span class='ocrx_word' id='word_1_3' title='bbox 180 537 205 574; x_wconf 79' lang='lat' dir='ltr'>n.</span> <span class='ocrx_word' id='word_1_4' title='bbox 217 521 269 571; x_wconf 72' lang='lat' dir='ltr'>&gt;ded</span> <span class='ocrx_word' id='word_1_5' title='bbox 280 530 304 570; x_wconf 92' lang='lat' dir='ltr'>ut</span> <span class='ocrx_word' id='word_1_6' title='bbox 315 522 435 584; x_wconf 69' lang='lat' dir='ltr'>navigium</span> <span class='ocrx_word' id='word_1_7' title='bbox 453 537 568 584; x_wconf 76' lang='lat' dir='ltr'>ingressus</span> <span class='ocrx_word' id='word_1_8' title='bbox 583 521 647 568; x_wconf 88' lang='lat' dir='ltr'>sede·</span> <span class='ocrx_word' id='word_1_9' title='bbox 714 525 743 570; x_wconf 77' lang='lat'>1⁷</span> <span class='ocrx_word' id='word_1_10' title='bbox 761 523 836 572; x_wconf 79' lang='lat' dir='ltr'>Amen</span> <span class='ocrx_word' id='word_1_11' title='bbox 854 524 914 570; x_wconf 83' lang='lat' dir='ltr'>eninr</span> <span class='ocrx_word' id='word_1_12' title='bbox 931 525 980 572; x_wconf 86' lang='lat' dir='ltr'>dieo</span> <span class='ocrx_word' id='word_1_13' title='bbox 996 525 1064 580; x_wconf 68' lang='lat' dir='ltr'>vulis</span> <span class='ocrx_word' id='word_1_14' title='bbox 1080 526 1142 574; x_wconf 79' lang='lat' dir='ltr'>mult</span> 
     </span>
     <span class='ocr_line' id='line_1_3' title="bbox 180 586 1142 650; baseline 0.005 -16"><span class='ocrx_word' id='word_1_15' title='bbox 180 603 222 634; x_wconf 77' lang='lat' dir='ltr'>rer:</span> <span class='ocrx_word' id='word_1_16' title='bbox 239 601 287 634; x_wconf 77' lang='lat' dir='ltr'>tom</span> <span class='ocrx_word' id='word_1_17' title='bbox 300 595 377 634; x_wconf 77' lang='lat' dir='ltr'>uitem</span> <span class='ocrx_word' id='word_1_18' title='bbox 395 588 464 633; x_wconf 79' lang='lat' dir='ltr'>turbe</span> <span class='ocrx_word' id='word_1_19' title='bbox 480 587 502 632; x_wconf 90' lang='lat' dir='ltr'>in</span> <span class='ocrx_word' id='word_1_20' title='bbox 519 586 593 632; x_wconf 86' lang='lat' dir='ltr'>littore</span> <span class='ocrx_word' id='word_1_21' title='bbox 607 587 647 633; x_wconf 75' lang='lat' dir='ltr'>ed·</span> <span class='ocrx_word' id='word_1_22' title='bbox 679 588 799 648; x_wconf 77' lang='lat' dir='ltr'>prophetoe</span> <span class='ocrx_word' id='word_1_23' title='bbox 808 599 831 634; x_wconf 87' lang='lat' dir='ltr'>et</span> <span class='ocrx_word' id='word_1_24' title='bbox 837 589 894 650; x_wconf 75' lang='lat' dir='ltr'>justi</span> <span class='ocrx_word' id='word_1_25' title='bbox 907 587 1059 636; x_wconf 75' lang='lat' dir='ltr'>desiderimnt</span> <span class='ocrx_word' id='word_1_26' title='bbox 1069 591 1142 640; x_wconf 75' lang='lat' dir='ltr'>videro</span> 
     </span>
     <span class='ocr_line' id='line_1_4' title="bbox 179 651 1141 710; baseline 0.006 -15"><span class='ocrx_word' id='word_1_27' title='bbox 179 659 253 697; x_wconf 69' lang='lat' dir='ltr'>statut.</span> <span class='ocrx_word' id='word_1_28' title='bbox 678 666 736 710; x_wconf 81' lang='lat' dir='ltr'>quae</span> <span class='ocrx_word' id='word_1_29' title='bbox 746 651 832 705; x_wconf 82' lang='lat' dir='ltr'>videtis,</span> <span class='ocrx_word' id='word_1_30' title='bbox 843 659 867 698; x_wconf 89' lang='lat' dir='ltr'>et</span> <span class='ocrx_word' id='word_1_31' title='bbox 878 667 922 699; x_wconf 87' lang='lat' dir='ltr'>uon</span> <span class='ocrx_word' id='word_1_32' title='bbox 934 653 1036 700; x_wconf 85' lang='lat' dir='ltr'>viderunt</span> <span class='ocrx_word' id='word_1_33' title='bbox 1042 671 1050 710; x_wconf 76' lang='lat'>3</span> <span class='ocrx_word' id='word_1_34' title='bbox 1069 665 1092 700; x_wconf 81' lang='lat' dir='ltr'>et</span> <span class='ocrx_word' id='word_1_35' title='bbox 1102 669 1141 702; x_wconf 80' lang='lat' dir='ltr'>su·</span> 
     </span>
    </p>

    <p class='ocr_par' dir='ltr' id='par_1_3' title="bbox 179 712 1142 902">
     <span class='ocr_line' id='line_1_5' title="bbox 209 712 1110 775; baseline 0.004 -15"><span class='ocrx_word' id='word_1_36' title='bbox 209 721 224 760; x_wconf 81' lang='lat'>3</span> <span class='ocrx_word' id='word_1_37' title='bbox 242 716 274 761; x_wconf 86' lang='lat' dir='ltr'>Et</span> <span class='ocrx_word' id='word_1_38' title='bbox 283 715 433 774; x_wconf 86' lang='lat' dir='ltr'>loquutusest</span> <span class='ocrx_word' id='word_1_39' title='bbox 442 712 475 760; x_wconf 82' lang='lat' dir='ltr'>eis</span> <span class='ocrx_word' id='word_1_40' title='bbox 483 713 553 760; x_wconf 80' lang='lat' dir='ltr'>multa</span> <span class='ocrx_word' id='word_1_41' title='bbox 560 727 600 775; x_wconf 89' lang='lat' dir='ltr'>per</span> <span class='ocrx_word' id='word_1_42' title='bbox 606 727 644 774; x_wconf 83' lang='lat' dir='ltr'>ps·</span> <span class='ocrx_word' id='word_1_43' title='bbox 678 715 725 760; x_wconf 88' lang='lat' dir='ltr'>dire</span> <span class='ocrx_word' id='word_1_44' title='bbox 735 730 792 775; x_wconf 80' lang='lat' dir='ltr'>quse</span> <span class='ocrx_word' id='word_1_45' title='bbox 802 716 888 770; x_wconf 74' lang='lat' dir='ltr'>ruditis,</span> <span class='ocrx_word' id='word_1_46' title='bbox 898 723 919 762; x_wconf 89' lang='lat' dir='ltr'>et</span> <span class='ocrx_word' id='word_1_47' title='bbox 931 731 976 765; x_wconf 89' lang='lat' dir='ltr'>non</span> <span class='ocrx_word' id='word_1_48' title='bbox 986 718 1110 764; x_wconf 73' lang='lat' dir='ltr'>audieruut.</span> 
     </span>
     <span class='ocr_line' id='line_1_6' title="bbox 179 777 1142 842; baseline 0.007 -19"><span class='ocrx_word' id='word_1_49' title='bbox 179 780 269 832; x_wconf 70' lang='lat' dir='ltr'>rutulus,</span> <span class='ocrx_word' id='word_1_50' title='bbox 285 779 369 831; x_wconf 77' lang='lat' dir='ltr'>dicens,</span> <span class='ocrx_word' id='word_1_51' title='bbox 387 777 459 832; x_wconf 69' lang='lat' dir='ltr'>Ecce,</span> <span class='ocrx_word' id='word_1_52' title='bbox 475 780 570 838; x_wconf 76' lang='lat' dir='ltr'>quidam</span> <span class='ocrx_word' id='word_1_53' title='bbox 586 786 642 824; x_wconf 78' lang='lat' dir='ltr'>sator</span> <span class='ocrx_word' id='word_1_54' title='bbox 712 782 741 824; x_wconf 84' lang='grc'>18</span> <span class='ocrx_word' id='word_1_55' title='bbox 759 777 808 825; x_wconf 88' lang='lat' dir='ltr'>Vos</span> <span class='ocrx_word' id='word_1_56' title='bbox 819 779 887 841; x_wconf 81' lang='lat' dir='ltr'>igitur</span> <span class='ocrx_word' id='word_1_57' title='bbox 898 781 971 826; x_wconf 69' lang='lat' dir='ltr'>erudite</span> <span class='ocrx_word' id='word_1_58' title='bbox 982 780 1106 842; x_wconf 69' lang='lat' dir='ltr'>puustm</span> <span class='ocrx_word' id='word_1_59' title='bbox 1117 797 1142 829; x_wconf 83' lang='lat' dir='ltr'>e·</span> 
     </span>
     <span class='ocr_line' id='line_1_7' title="bbox 180 842 871 902; baseline 0.004 -16"><span class='ocrx_word' id='word_1_60' title='bbox 180 846 230 888; x_wconf 49' lang='lat' dir='ltr'>exiit</span> <span class='ocrx_word' id='word_1_61' title='bbox 241 843 270 888; x_wconf 82' lang='lat' dir='ltr'>sd</span> <span class='ocrx_word' id='word_1_62' title='bbox 280 842 399 888; x_wconf 87' lang='lat' dir='ltr'>serendum</span> <span class='ocrx_word' id='word_1_63' title='bbox 409 858 416 889; x_wconf 79' lang='lat' dir='ltr'>r</span> <span class='ocrx_word' id='word_1_64' title='bbox 671 842 711 902; x_wconf 81' lang='lat' dir='ltr'>jus</span> <span class='ocrx_word' id='word_1_65' title='bbox 722 842 759 902; x_wconf 90' lang='lat' dir='ltr'>qui</span> <span class='ocrx_word' id='word_1_66' title='bbox 771 844 871 890; x_wconf 82' lang='lat' dir='ltr'>seminat.</span> 
     </span>
    </p>

    <p class='ocr_par' dir='ltr' id='par_1_4' title="bbox 183 904 1140 1097">
     <span class='ocr_line' id='line_1_8' title="bbox 211 904 1138 969; baseline 0.004 -17"><span class='ocrx_word' id='word_1_67' title='bbox 211 911 224 952; x_wconf 81' lang='grc'><strong>4</strong></span> <span class='ocrx_word' id='word_1_68' title='bbox 242 906 274 952; x_wconf 89' lang='lat' dir='ltr'>Et</span> <span class='ocrx_word' id='word_1_69' title='bbox 284 921 353 966; x_wconf 87' lang='lat' dir='ltr'>quum</span> <span class='ocrx_word' id='word_1_70' title='bbox 364 906 385 952; x_wconf 81' lang='lat' dir='ltr'>is</span> <span class='ocrx_word' id='word_1_71' title='bbox 396 905 523 959; x_wconf 73' lang='lat' dir='ltr'>seminaret,</span> <span class='ocrx_word' id='word_1_72' title='bbox 540 904 583 952; x_wconf 80' lang='lat' dir='ltr'>ulis</span> <span class='ocrx_word' id='word_1_73' title='bbox 595 906 644 966; x_wconf 92' lang='lat' dir='ltr'>qui·</span> <span class='ocrx_word' id='word_1_74' title='bbox 713 910 743 954; x_wconf 85' lang='lat'>19</span> <span class='ocrx_word' id='word_1_75' title='bbox 760 906 856 960; x_wconf 85' lang='lat' dir='ltr'>Quoties</span> <span class='ocrx_word' id='word_1_76' title='bbox 866 907 974 969; x_wconf 73' lang='lat' dir='ltr'>quispiam</span> <span class='ocrx_word' id='word_1_77' title='bbox 985 909 1046 955; x_wconf 81' lang='lat' dir='ltr'>sudit</span> <span class='ocrx_word' id='word_1_78' title='bbox 1057 925 1138 956; x_wconf 86' lang='lat' dir='ltr'>sermo·</span> 
     </span>
     <span class='ocr_line' id='line_1_9' title="bbox 185 967 1140 1032; baseline 0.003 -15"><span class='ocrx_word' id='word_1_79' title='bbox 185 970 229 1017; x_wconf 71' lang='lat' dir='ltr'>lom</span> <span class='ocrx_word' id='word_1_80' title='bbox 249 970 378 1016; x_wconf 70' lang='lat' dir='ltr'>ceciderunt</span> <span class='ocrx_word' id='word_1_81' title='bbox 394 967 517 1016; x_wconf 76' lang='lat' dir='ltr'>seeunddm</span> <span class='ocrx_word' id='word_1_82' title='bbox 533 969 606 1025; x_wconf 76' lang='lat' dir='ltr'>viem3</span> <span class='ocrx_word' id='word_1_83' title='bbox 623 978 647 1016; x_wconf 88' lang='lat' dir='ltr'>et</span> <span class='ocrx_word' id='word_1_84' title='bbox 678 983 730 1015; x_wconf 87' lang='lat' dir='ltr'>nem</span> <span class='ocrx_word' id='word_1_85' title='bbox 749 970 777 1016; x_wconf 84' lang='lat' dir='ltr'>de</span> <span class='ocrx_word' id='word_1_86' title='bbox 793 987 864 1032; x_wconf 86' lang='lat' dir='ltr'>regno</span> <span class='ocrx_word' id='word_1_87' title='bbox 881 971 925 1026; x_wconf 88' lang='lat' dir='ltr'>illo,</span> <span class='ocrx_word' id='word_1_88' title='bbox 940 979 964 1018; x_wconf 85' lang='lat' dir='ltr'>et</span> <span class='ocrx_word' id='word_1_89' title='bbox 979 988 1025 1019; x_wconf 86' lang='lat' dir='ltr'>uon</span> <span class='ocrx_word' id='word_1_90' title='bbox 1040 975 1140 1029; x_wconf 76' lang='lat' dir='ltr'>sttendit,</span> 
     </span>
     <span class='ocr_line' id='line_1_10' title="bbox 183 1033 1139 1097; baseline 0.007 -20"><span class='ocrx_word' id='word_1_91' title='bbox 183 1039 287 1082; x_wconf 68' lang='lat' dir='ltr'>rattruut</span> <span class='ocrx_word' id='word_1_92' title='bbox 295 1033 405 1087; x_wconf 86' lang='lat' dir='ltr'>volueres,</span> <span class='ocrx_word' id='word_1_93' title='bbox 412 1040 435 1080; x_wconf 90' lang='lat' dir='ltr'>et</span> <span class='ocrx_word' id='word_1_94' title='bbox 443 1033 606 1080; x_wconf 75' lang='lat' dir='ltr'>devoraverunt</span> <span class='ocrx_word' id='word_1_95' title='bbox 611 1048 645 1080; x_wconf 82' lang='lat' dir='ltr'>en.</span> <span class='ocrx_word' id='word_1_96' title='bbox 677 1034 740 1079; x_wconf 83' lang='lat' dir='ltr'>venit</span> <span class='ocrx_word' id='word_1_97' title='bbox 751 1033 788 1080; x_wconf 89' lang='lat' dir='ltr'>ille</span> <span class='ocrx_word' id='word_1_98' title='bbox 799 1034 883 1089; x_wconf 77' lang='lat' dir='ltr'>Melus,</span> <span class='ocrx_word' id='word_1_99' title='bbox 894 1043 917 1081; x_wconf 93' lang='lat' dir='ltr'>et</span> <span class='ocrx_word' id='word_1_100' title='bbox 928 1036 984 1097; x_wconf 75' lang='lat' dir='ltr'>repit</span> <span class='ocrx_word' id='word_1_101' title='bbox 998 1037 1058 1096; x_wconf 92' lang='lat' dir='ltr'>quod</span> <span class='ocrx_word' id='word_1_102' title='bbox 1069 1045 1139 1084; x_wconf 76' lang='lat' dir='ltr'>ntum</span> 
     </span>
    </p>

    <p class='ocr_par' dir='ltr' id='par_1_5' title="bbox 177 1094 1140 1350">
     <span class='ocr_line' id='line_1_11' title="bbox 211 1094 1139 1161; baseline 0.004 -17"><span class='ocrx_word' id='word_1_103' title='bbox 211 1101 226 1144; x_wconf 85' lang='grc'><strong><em>5</em></strong></span> <span class='ocrx_word' id='word_1_104' title='bbox 243 1097 296 1148; x_wconf 80' lang='lat' dir='ltr'>Alit</span> <span class='ocrx_word' id='word_1_105' title='bbox 305 1094 361 1144; x_wconf 81' lang='lat' dir='ltr'>verd</span> <span class='ocrx_word' id='word_1_106' title='bbox 371 1097 500 1144; x_wconf 79' lang='lat' dir='ltr'>ceciderunt</span> <span class='ocrx_word' id='word_1_107' title='bbox 510 1097 533 1143; x_wconf 90' lang='lat' dir='ltr'>in</span> <span class='ocrx_word' id='word_1_108' title='bbox 548 1105 644 1158; x_wconf 77' lang='lat' dir='ltr'>petrose,</span> <span class='ocrx_word' id='word_1_109' title='bbox 676 1104 712 1143; x_wconf 83' lang='lat' dir='ltr'>est</span> <span class='ocrx_word' id='word_1_110' title='bbox 722 1097 745 1143; x_wconf 84' lang='lat' dir='ltr'>in</span> <span class='ocrx_word' id='word_1_111' title='bbox 756 1097 823 1144; x_wconf 85' lang='lat' dir='ltr'>eorde</span> <span class='ocrx_word' id='word_1_112' title='bbox 833 1098 916 1160; x_wconf 78' lang='lat' dir='ltr'>ipnusr</span> <span class='ocrx_word' id='word_1_113' title='bbox 937 1100 957 1144; x_wconf 83' lang='lat' dir='ltr'>is</span> <span class='ocrx_word' id='word_1_114' title='bbox 967 1101 1049 1161; x_wconf 83' lang='lat' dir='ltr'>estqui</span> <span class='ocrx_word' id='word_1_115' title='bbox 1061 1113 1139 1148; x_wconf 64' lang='lat' dir='ltr'>suun·</span> 
     </span>
     <span class='ocr_line' id='line_1_12' title="bbox 177 1158 995 1223; baseline 0.005 -19"><span class='ocrx_word' id='word_1_116' title='bbox 177 1167 215 1207; x_wconf 79' lang='lat' dir='ltr'>tior</span> <span class='ocrx_word' id='word_1_117' title='bbox 226 1175 273 1207; x_wconf 83' lang='lat' dir='ltr'>non</span> <span class='ocrx_word' id='word_1_118' title='bbox 282 1161 391 1207; x_wconf 76' lang='lat' dir='ltr'>habebant</span> <span class='ocrx_word' id='word_1_119' title='bbox 402 1168 485 1207; x_wconf 77' lang='lat' dir='ltr'>terrim</span> <span class='ocrx_word' id='word_1_120' title='bbox 499 1161 592 1207; x_wconf 82' lang='lat' dir='ltr'>multem</span> <span class='ocrx_word' id='word_1_121' title='bbox 599 1178 607 1218; x_wconf 74' lang='lat'>3</span> <span class='ocrx_word' id='word_1_122' title='bbox 622 1168 645 1208; x_wconf 88' lang='lat' dir='ltr'>et</span> <span class='ocrx_word' id='word_1_123' title='bbox 677 1158 731 1208; x_wconf 83' lang='lat' dir='ltr'>drlrn</span> <span class='ocrx_word' id='word_1_124' title='bbox 742 1161 801 1207; x_wconf 77' lang='lat' dir='ltr'>virm</span> <span class='ocrx_word' id='word_1_125' title='bbox 813 1176 889 1207; x_wconf 86' lang='lat' dir='ltr'>semen</span> <span class='ocrx_word' id='word_1_126' title='bbox 900 1163 995 1223; x_wconf 83' lang='lat' dir='ltr'>excepit.</span> 
     </span>
     <span class='ocr_line' id='line_1_13' title="bbox 183 1222 1139 1288; baseline 0.004 -18"><span class='ocrx_word' id='word_1_127' title='bbox 183 1225 253 1272; x_wconf 62' lang='lat' dir='ltr'>entim</span> <span class='ocrx_word' id='word_1_128' title='bbox 274 1231 354 1272; x_wconf 78' lang='lat' dir='ltr'>exorte</span> <span class='ocrx_word' id='word_1_129' title='bbox 375 1231 435 1278; x_wconf 87' lang='lat' dir='ltr'>sunt,</span> <span class='ocrx_word' id='word_1_130' title='bbox 452 1232 570 1285; x_wconf 75' lang='lat' dir='ltr'>propterea</span> <span class='ocrx_word' id='word_1_131' title='bbox 584 1222 646 1285; x_wconf 80' lang='lat' dir='ltr'>qudd</span> <span class='ocrx_word' id='word_1_132' title='bbox 710 1228 743 1270; x_wconf 89' lang='grc'>20</span> <span class='ocrx_word' id='word_1_133' title='bbox 760 1224 806 1279; x_wconf 84' lang='lat' dir='ltr'>Qui</span> <span class='ocrx_word' id='word_1_134' title='bbox 818 1222 1139 1288; x_wconf 73' lang='lat' dir='ltr'>verdiupetrosnsementx·</span> 
     </span>
     <span class='ocr_line' id='line_1_14' title="bbox 181 1287 1140 1350; baseline 0.004 -16"><span class='ocrx_word' id='word_1_135' title='bbox 181 1303 224 1334; x_wconf 79' lang='lat' dir='ltr'>sm</span> <span class='ocrx_word' id='word_1_136' title='bbox 236 1289 345 1334; x_wconf 76' lang='lat' dir='ltr'>habebunt</span> <span class='ocrx_word' id='word_1_137' title='bbox 354 1287 488 1350; x_wconf 76' lang='lat' dir='ltr'>profundum</span> <span class='ocrx_word' id='word_1_138' title='bbox 499 1295 594 1335; x_wconf 79' lang='lat' dir='ltr'>terrum:</span> <span class='ocrx_word' id='word_1_139' title='bbox 677 1289 772 1350; x_wconf 70' lang='lat' dir='ltr'>sepitis</span> <span class='ocrx_word' id='word_1_140' title='bbox 788 1295 823 1335; x_wconf 86' lang='lat' dir='ltr'>est</span> <span class='ocrx_word' id='word_1_141' title='bbox 840 1289 877 1349; x_wconf 92' lang='lat' dir='ltr'>qui</span> <span class='ocrx_word' id='word_1_142' title='bbox 891 1305 1017 1336; x_wconf 87' lang='lat' dir='ltr'>sermonem</span> <span class='ocrx_word' id='word_1_143' title='bbox 1031 1291 1099 1347; x_wconf 72' lang='lat' dir='ltr'>audit,</span> <span class='ocrx_word' id='word_1_144' title='bbox 1119 1301 1140 1338; x_wconf 87' lang='lat' dir='ltr'>et</span> 
     </span>
    </p>

    <p class='ocr_par' dir='ltr' id='par_1_6' title="bbox 180 1351 1140 1544">
     <span class='ocr_line' id='line_1_15' title="bbox 212 1351 1076 1416; baseline 0.003 -18"><span class='ocrx_word' id='word_1_145' title='bbox 212 1359 227 1398; x_wconf 87' lang='lat' dir='ltr'>o·</span> <span class='ocrx_word' id='word_1_146' title='bbox 244 1351 296 1398; x_wconf 84' lang='lat' dir='ltr'>Sole</span> <span class='ocrx_word' id='word_1_147' title='bbox 306 1360 380 1399; x_wconf 77' lang='lat' dir='ltr'>sutem</span> <span class='ocrx_word' id='word_1_148' title='bbox 392 1359 479 1406; x_wconf 84' lang='lat' dir='ltr'>exorto,</span> <span class='ocrx_word' id='word_1_149' title='bbox 491 1353 570 1399; x_wconf 75' lang='lat' dir='ltr'>erdere</span> <span class='ocrx_word' id='word_1_150' title='bbox 586 1359 646 1401; x_wconf 72' lang='lat' dir='ltr'>teoto</span> <span class='ocrx_word' id='word_1_151' title='bbox 677 1367 729 1400; x_wconf 87' lang='lat' dir='ltr'>eum</span> <span class='ocrx_word' id='word_1_152' title='bbox 740 1354 814 1399; x_wconf 77' lang='lat' dir='ltr'>stetim</span> <span class='ocrx_word' id='word_1_153' title='bbox 825 1369 875 1399; x_wconf 82' lang='lat' dir='ltr'>curn</span> <span class='ocrx_word' id='word_1_154' title='bbox 887 1355 969 1416; x_wconf 77' lang='lat' dir='ltr'>gaudio</span> <span class='ocrx_word' id='word_1_155' title='bbox 980 1355 1076 1416; x_wconf 78' lang='lat' dir='ltr'>esciprtr</span> 
     </span>
     <span class='ocr_line' id='line_1_16' title="bbox 180 1413 1139 1477; baseline 0.005 -16"><span class='ocrx_word' id='word_1_156' title='bbox 180 1431 203 1461; x_wconf 81' lang='lat' dir='ltr'>su</span> <span class='ocrx_word' id='word_1_157' title='bbox 214 1423 245 1472; x_wconf 67' lang='grc' dir='ltr'>ης</span> <span class='ocrx_word' id='word_1_158' title='bbox 262 1424 286 1461; x_wconf 89' lang='lat' dir='ltr'>et</span> <span class='ocrx_word' id='word_1_159' title='bbox 306 1424 425 1477; x_wconf 72' lang='lat' dir='ltr'>propterea</span> <span class='ocrx_word' id='word_1_160' title='bbox 440 1413 500 1476; x_wconf 69' lang='lat' dir='ltr'>quid</span> <span class='ocrx_word' id='word_1_161' title='bbox 516 1431 562 1463; x_wconf 90' lang='lat' dir='ltr'>non</span> <span class='ocrx_word' id='word_1_162' title='bbox 578 1417 645 1464; x_wconf 79' lang='lat' dir='ltr'>hebe-</span> <span class='ocrx_word' id='word_1_163' title='bbox 710 1421 739 1462; x_wconf 88' lang='grc'>21</span> <span class='ocrx_word' id='word_1_164' title='bbox 758 1417 813 1464; x_wconf 86' lang='lat' dir='ltr'>Non</span> <span class='ocrx_word' id='word_1_165' title='bbox 828 1418 894 1464; x_wconf 67' lang='lat' dir='ltr'>liniet</span> <span class='ocrx_word' id='word_1_166' title='bbox 911 1426 986 1464; x_wconf 85' lang='lat' dir='ltr'>sutem</span> <span class='ocrx_word' id='word_1_167' title='bbox 1005 1419 1100 1465; x_wconf 77' lang='lat' dir='ltr'>rutioem</span> <span class='ocrx_word' id='word_1_168' title='bbox 1118 1435 1139 1466; x_wconf 89' lang='lat' dir='ltr'>m</span> 
     </span>
     <span class='ocr_line' id='line_1_17' title="bbox 180 1481 1140 1544; baseline 0.005 -19"><span class='ocrx_word' id='word_1_169' title='bbox 180 1490 228 1526; x_wconf 79' lang='lat' dir='ltr'>mm</span> <span class='ocrx_word' id='word_1_170' title='bbox 241 1481 342 1534; x_wconf 77' lang='lat' dir='ltr'>radicem,</span> <span class='ocrx_word' id='word_1_171' title='bbox 353 1487 497 1527; x_wconf 75' lang='lat' dir='ltr'>exeruerunt.</span> <span class='ocrx_word' id='word_1_172' title='bbox 677 1495 732 1535; x_wconf 77' lang='lat' dir='ltr'>sese,</span> <span class='ocrx_word' id='word_1_173' title='bbox 752 1481 791 1528; x_wconf 84' lang='lat' dir='ltr'>sed</span> <span class='ocrx_word' id='word_1_174' title='bbox 809 1483 956 1542; x_wconf 80' lang='lat' dir='ltr'>temporarius</span> <span class='ocrx_word' id='word_1_175' title='bbox 973 1490 1023 1539; x_wconf 84' lang='lat' dir='ltr'>est;</span> <span class='ocrx_word' id='word_1_176' title='bbox 1049 1482 1140 1544; x_wconf 77' lang='lat' dir='ltr'>orsique</span> 
     </span>
    </p>

    <p class='ocr_par' dir='ltr' id='par_1_7' title="bbox 178 1541 1140 1988">
     <span class='ocr_line' id='line_1_18' title="bbox 211 1541 1140 1609; baseline 0.003 -19"><span class='ocrx_word' id='word_1_177' title='bbox 211 1547 225 1590; x_wconf 84' lang='lat'>7</span> <span class='ocrx_word' id='word_1_178' title='bbox 242 1544 295 1590; x_wconf 82' lang='lat' dir='ltr'>Alis</span> <span class='ocrx_word' id='word_1_179' title='bbox 309 1541 362 1590; x_wconf 76' lang='lat' dir='ltr'>vend</span> <span class='ocrx_word' id='word_1_180' title='bbox 375 1544 504 1590; x_wconf 86' lang='lat' dir='ltr'>ceciderunt</span> <span class='ocrx_word' id='word_1_181' title='bbox 518 1543 541 1589; x_wconf 90' lang='lat' dir='ltr'>in</span> <span class='ocrx_word' id='word_1_182' title='bbox 557 1543 644 1606; x_wconf 65' lang='lat' dir='ltr'>spirim</span> <span class='ocrx_word' id='word_1_183' title='bbox 676 1546 841 1606; x_wconf 73' lang='lat' dir='ltr'>compressione</span> <span class='ocrx_word' id='word_1_184' title='bbox 857 1546 892 1591; x_wconf 84' lang='lat' dir='ltr'>vel</span> <span class='ocrx_word' id='word_1_185' title='bbox 908 1548 1061 1607; x_wconf 84' lang='lat' dir='ltr'>perseeutione</span> <span class='ocrx_word' id='word_1_186' title='bbox 1074 1563 1140 1609; x_wconf 81' lang='lat' dir='ltr'>prop-</span> 
     </span>
     <span class='ocr_line' id='line_1_19' title="bbox 179 1606 1076 1670; baseline 0.004 -17"><span class='ocrx_word' id='word_1_187' title='bbox 179 1617 200 1652; x_wconf 82' lang='lat' dir='ltr'>et</span> <span class='ocrx_word' id='word_1_188' title='bbox 211 1608 357 1654; x_wconf 74' lang='lat' dir='ltr'>aseenderunt</span> <span class='ocrx_word' id='word_1_189' title='bbox 370 1607 454 1670; x_wconf 76' lang='lat' dir='ltr'>spinae,</span> <span class='ocrx_word' id='word_1_190' title='bbox 471 1615 495 1654; x_wconf 88' lang='lat' dir='ltr'>et</span> <span class='ocrx_word' id='word_1_191' title='bbox 509 1606 645 1656; x_wconf 62' lang='lat' dir='ltr'>suffocarunt</span> <span class='ocrx_word' id='word_1_192' title='bbox 676 1615 711 1655; x_wconf 88' lang='lat' dir='ltr'>ter</span> <span class='ocrx_word' id='word_1_193' title='bbox 721 1623 853 1662; x_wconf 86' lang='lat' dir='ltr'>sermonem,</span> <span class='ocrx_word' id='word_1_194' title='bbox 866 1611 940 1656; x_wconf 83' lang='lat' dir='ltr'>stetim</span> <span class='ocrx_word' id='word_1_195' title='bbox 952 1610 1076 1657; x_wconf 87' lang='lat' dir='ltr'>oll&#39;enditur.</span> 
     </span>
     <span class='ocr_line' id='line_1_20' title="bbox 179 1670 1139 1735; baseline 0.004 -17"><span class='ocrx_word' id='word_1_196' title='bbox 179 1687 210 1718; x_wconf 71' lang='lat' dir='ltr'>es</span> <span class='ocrx_word' id='word_1_197' title='bbox 446 1707 448 1721; x_wconf 66' lang='lat'>,</span> <span class='ocrx_word' id='word_1_198' title='bbox 707 1676 738 1718; x_wconf 86' lang='grc'>22</span> <span class='ocrx_word' id='word_1_199' title='bbox 758 1673 804 1728; x_wconf 84' lang='lat' dir='ltr'>Qui</span> <span class='ocrx_word' id='word_1_200' title='bbox 813 1670 867 1720; x_wconf 83' lang='lat' dir='ltr'>verd</span> <span class='ocrx_word' id='word_1_201' title='bbox 875 1675 898 1719; x_wconf 91' lang='lat' dir='ltr'>in</span> <span class='ocrx_word' id='word_1_202' title='bbox 907 1674 1139 1735; x_wconf 75' lang='lat' dir='ltr'>spiuusemenexee·</span> 
     </span>
     <span class='ocr_line' id='line_1_21' title="bbox 210 1731 1139 1798; baseline 0.005 -18"><span class='ocrx_word' id='word_1_203' title='bbox 210 1740 224 1780; x_wconf 91' lang='lat'><strong>8</strong></span> <span class='ocrx_word' id='word_1_204' title='bbox 240 1736 293 1782; x_wconf 79' lang='lat' dir='ltr'>Atia</span> <span class='ocrx_word' id='word_1_205' title='bbox 308 1731 362 1782; x_wconf 77' lang='lat' dir='ltr'>vend</span> <span class='ocrx_word' id='word_1_206' title='bbox 379 1735 508 1782; x_wconf 70' lang='lat' dir='ltr'>ceciderunt</span> <span class='ocrx_word' id='word_1_207' title='bbox 522 1735 546 1782; x_wconf 89' lang='lat' dir='ltr'>in</span> <span class='ocrx_word' id='word_1_208' title='bbox 561 1741 642 1783; x_wconf 78' lang='lat' dir='ltr'>terrem</span> <span class='ocrx_word' id='word_1_209' title='bbox 673 1735 713 1798; x_wconf 83' lang='lat' dir='ltr'>pit,</span> <span class='ocrx_word' id='word_1_210' title='bbox 725 1737 743 1784; x_wconf 87' lang='lat' dir='ltr'>is</span> <span class='ocrx_word' id='word_1_211' title='bbox 754 1749 789 1783; x_wconf 75' lang='lat' dir='ltr'>est</span> <span class='ocrx_word' id='word_1_212' title='bbox 803 1737 841 1798; x_wconf 90' lang='lat' dir='ltr'>qui</span> <span class='ocrx_word' id='word_1_213' title='bbox 859 1752 984 1784; x_wconf 80' lang='lat' dir='ltr'>semronem</span> <span class='ocrx_word' id='word_1_214' title='bbox 1001 1739 1079 1794; x_wconf 76' lang='lat' dir='ltr'>nudit3</span> <span class='ocrx_word' id='word_1_215' title='bbox 1101 1741 1139 1785; x_wconf 82' lang='lat' dir='ltr'>sed</span> 
     </span>
     <span class='ocr_line' id='line_1_22' title="bbox 179 1799 1137 1862; baseline 0.002 -17"><span class='ocrx_word' id='word_1_216' title='bbox 179 1799 264 1853; x_wconf 83' lang='lat' dir='ltr'>bonam,</span> <span class='ocrx_word' id='word_1_217' title='bbox 287 1807 310 1846; x_wconf 86' lang='lat' dir='ltr'>et</span> <span class='ocrx_word' id='word_1_218' title='bbox 330 1800 449 1846; x_wconf 88' lang='lat' dir='ltr'>ediderunt</span> <span class='ocrx_word' id='word_1_219' title='bbox 464 1799 568 1854; x_wconf 78' lang='lat' dir='ltr'>fructum,</span> <span class='ocrx_word' id='word_1_220' title='bbox 583 1799 644 1848; x_wconf 80' lang='lat' dir='ltr'>eliud</span> <span class='ocrx_word' id='word_1_221' title='bbox 674 1800 791 1848; x_wconf 68' lang='lat' dir='ltr'>solicitudo</span> <span class='ocrx_word' id='word_1_222' title='bbox 802 1801 870 1847; x_wconf 86' lang='lat' dir='ltr'>seculi</span> <span class='ocrx_word' id='word_1_223' title='bbox 881 1802 954 1862; x_wconf 84' lang='lat' dir='ltr'>hujus,</span> <span class='ocrx_word' id='word_1_224' title='bbox 965 1809 988 1848; x_wconf 90' lang='lat' dir='ltr'>et</span> <span class='ocrx_word' id='word_1_225' title='bbox 1003 1801 1090 1850; x_wconf 68' lang='lat' dir='ltr'>fallacie</span> <span class='ocrx_word' id='word_1_226' title='bbox 1104 1803 1137 1848; x_wconf 90' lang='lat' dir='ltr'>di·</span> 
     </span>
     <span class='ocr_line' id='line_1_23' title="bbox 179 1860 1138 1926; baseline 0.002 -18"><span class='ocrx_word' id='word_1_227' title='bbox 179 1864 265 1922; x_wconf 81' lang='lat' dir='ltr'>quidem</span> <span class='ocrx_word' id='word_1_228' title='bbox 277 1870 377 1917; x_wconf 76' lang='lat' dir='ltr'>centens,</span> <span class='ocrx_word' id='word_1_229' title='bbox 389 1863 451 1909; x_wconf 79' lang='lat' dir='ltr'>eliud</span> <span class='ocrx_word' id='word_1_230' title='bbox 460 1860 514 1910; x_wconf 82' lang='lat' dir='ltr'>verd</span> <span class='ocrx_word' id='word_1_231' title='bbox 524 1879 642 1926; x_wconf 73' lang='lat' dir='ltr'>sexagena,</span> <span class='ocrx_word' id='word_1_232' title='bbox 674 1864 785 1918; x_wconf 67' lang='lat' dir='ltr'>vitiorum,</span> <span class='ocrx_word' id='word_1_233' title='bbox 802 1863 895 1910; x_wconf 76' lang='lat' dir='ltr'>suffocat</span> <span class='ocrx_word' id='word_1_234' title='bbox 910 1879 1043 1918; x_wconf 82' lang='lat' dir='ltr'>sennonem,</span> <span class='ocrx_word' id='word_1_235' title='bbox 1058 1865 1095 1926; x_wconf 87' lang='lat' dir='ltr'>qui</span> <span class='ocrx_word' id='word_1_236' title='bbox 1111 1866 1138 1912; x_wconf 82' lang='lat' dir='ltr'>sit</span> 
     </span>
     <span class='ocr_line' id='line_1_24' title="bbox 178 1924 857 1988; baseline 0 -16"><span class='ocrx_word' id='word_1_237' title='bbox 178 1927 235 1972; x_wconf 66' lang='lat' dir='ltr'>eliud</span> <span class='ocrx_word' id='word_1_238' title='bbox 246 1924 300 1974; x_wconf 83' lang='lat' dir='ltr'>verd</span> <span class='ocrx_word' id='word_1_239' title='bbox 311 1927 404 1974; x_wconf 80' lang='lat' dir='ltr'>tricena.</span> <span class='ocrx_word' id='word_1_240' title='bbox 673 1927 760 1976; x_wconf 79' lang='lat' dir='ltr'>intctds</span> <span class='ocrx_word' id='word_1_241' title='bbox 771 1943 857 1988; x_wconf 80' lang='lat' dir='ltr'>expers.</span> 
     </span>
    </p>

    <p class='ocr_par' dir='ltr' id='par_1_8' title="bbox 180 1987 1136 2118">
     <span class='ocr_line' id='line_1_25' title="bbox 210 1987 1136 2048; baseline 0.001 -10"><span class='ocrx_word' id='word_1_242' title='bbox 210 1997 225 2038; x_wconf 89' lang='grc'>9</span> <span class='ocrx_word' id='word_1_243' title='bbox 240 1991 286 2046; x_wconf 84' lang='lat' dir='ltr'>Qui</span> <span class='ocrx_word' id='word_1_244' title='bbox 306 1991 372 2038; x_wconf 82' lang='lat' dir='ltr'>hebet</span> <span class='ocrx_word' id='word_1_245' title='bbox 388 2005 454 2038; x_wconf 77' lang='lat' dir='ltr'>eures</span> <span class='ocrx_word' id='word_1_246' title='bbox 464 1991 493 2038; x_wconf 80' lang='lat' dir='ltr'>ed</span> <span class='ocrx_word' id='word_1_247' title='bbox 502 1991 643 2048; x_wconf 84' lang='lat' dir='ltr'>sudienduut,</span> <span class='ocrx_word' id='word_1_248' title='bbox 707 1996 740 2038; x_wconf 76' lang='grc'>25</span> <span class='ocrx_word' id='word_1_249' title='bbox 759 1991 805 2046; x_wconf 82' lang='lat' dir='ltr'>Qui</span> <span class='ocrx_word' id='word_1_250' title='bbox 816 1987 871 2038; x_wconf 75' lang='lat' dir='ltr'>verti</span> <span class='ocrx_word' id='word_1_251' title='bbox 882 1991 905 2036; x_wconf 91' lang='lat' dir='ltr'>in</span> <span class='ocrx_word' id='word_1_252' title='bbox 917 1999 996 2037; x_wconf 77' lang='lat' dir='ltr'>terram</span> <span class='ocrx_word' id='word_1_253' title='bbox 1008 1992 1088 2038; x_wconf 81' lang='lat' dir='ltr'>bonam</span> <span class='ocrx_word' id='word_1_254' title='bbox 1097 2008 1136 2039; x_wconf 85' lang='lat' dir='ltr'>ex-</span> 
     </span>
     <span class='ocr_line' id='line_1_26' title="bbox 180 2055 1136 2118; baseline 0.004 -17"><span class='ocrx_word' id='word_1_255' title='bbox 180 2056 257 2101; x_wconf 80' lang='lat' dir='ltr'>sudiat.</span> <span class='ocrx_word' id='word_1_256' title='bbox 675 2056 733 2118; x_wconf 84' lang='lat' dir='ltr'>oepit</span> <span class='ocrx_word' id='word_1_257' title='bbox 744 2071 827 2110; x_wconf 82' lang='lat' dir='ltr'>semen,</span> <span class='ocrx_word' id='word_1_258' title='bbox 838 2055 858 2101; x_wconf 86' lang='lat' dir='ltr'>is</span> <span class='ocrx_word' id='word_1_259' title='bbox 868 2062 903 2102; x_wconf 84' lang='lat' dir='ltr'>est</span> <span class='ocrx_word' id='word_1_260' title='bbox 913 2056 951 2116; x_wconf 89' lang='lat' dir='ltr'>qui</span> <span class='ocrx_word' id='word_1_261' title='bbox 963 2071 1088 2104; x_wconf 81' lang='lat' dir='ltr'>sermonem</span> <span class='ocrx_word' id='word_1_262' title='bbox 1096 2072 1136 2104; x_wconf 81' lang='lat' dir='ltr'>eu·</span> 
     </span>
    </p>

    <p class='ocr_par' dir='ltr' id='par_1_9' title="bbox 178 2117 1139 2310">
     <span class='ocr_line' id='line_1_27' title="bbox 213 2117 1137 2181; baseline 0.003 -17"><span class='ocrx_word' id='word_1_263' title='bbox 213 2123 242 2166; x_wconf 85' lang='lat'>10</span> <span class='ocrx_word' id='word_1_264' title='bbox 256 2119 323 2166; x_wconf 89' lang='lat' dir='ltr'>Tunc</span> <span class='ocrx_word' id='word_1_265' title='bbox 331 2118 463 2165; x_wconf 84' lang='lat' dir='ltr'>aecedentes</span> <span class='ocrx_word' id='word_1_266' title='bbox 471 2117 571 2180; x_wconf 80' lang='lat' dir='ltr'>discipuli</span> <span class='ocrx_word' id='word_1_267' title='bbox 579 2119 642 2166; x_wconf 82' lang='lat' dir='ltr'>dixe·</span> <span class='ocrx_word' id='word_1_268' title='bbox 675 2121 713 2174; x_wconf 90' lang='lat' dir='ltr'>dit,</span> <span class='ocrx_word' id='word_1_269' title='bbox 725 2128 748 2167; x_wconf 90' lang='lat' dir='ltr'>et</span> <span class='ocrx_word' id='word_1_270' title='bbox 758 2120 928 2181; x_wconf 77' lang='lat' dir='ltr'>intelligentiam</span> <span class='ocrx_word' id='word_1_271' title='bbox 940 2120 1046 2176; x_wconf 88' lang='lat' dir='ltr'>intendit;</span> <span class='ocrx_word' id='word_1_272' title='bbox 1058 2121 1095 2181; x_wconf 89' lang='lat' dir='ltr'>qui</span> <span class='ocrx_word' id='word_1_273' title='bbox 1104 2121 1137 2167; x_wconf 81' lang='lat' dir='ltr'>vi·</span> 
     </span>
     <span class='ocr_line' id='line_1_28' title="bbox 179 2183 1137 2246; baseline 0.004 -18"><span class='ocrx_word' id='word_1_274' title='bbox 179 2191 229 2229; x_wconf 88' lang='lat' dir='ltr'>runt</span> <span class='ocrx_word' id='word_1_275' title='bbox 239 2185 266 2238; x_wconf 86' lang='lat' dir='ltr'>ei,</span> <span class='ocrx_word' id='word_1_276' title='bbox 277 2184 355 2238; x_wconf 74' lang='lat' dir='ltr'>Quare</span> <span class='ocrx_word' id='word_1_277' title='bbox 365 2198 408 2245; x_wconf 90' lang='lat' dir='ltr'>per</span> <span class='ocrx_word' id='word_1_278' title='bbox 422 2183 536 2244; x_wconf 74' lang='lat' dir='ltr'>puaboln</span> <span class='ocrx_word' id='word_1_279' title='bbox 546 2183 643 2245; x_wconf 82' lang='lat' dir='ltr'>loqueris</span> <span class='ocrx_word' id='word_1_280' title='bbox 674 2184 754 2231; x_wconf 81' lang='lat' dir='ltr'>delicet</span> <span class='ocrx_word' id='word_1_281' title='bbox 760 2184 858 2230; x_wconf 75' lang='lat' dir='ltr'>fructum</span> <span class='ocrx_word' id='word_1_282' title='bbox 866 2183 915 2237; x_wconf 81' lang='lat' dir='ltr'>sert,</span> <span class='ocrx_word' id='word_1_283' title='bbox 922 2185 1016 2244; x_wconf 78' lang='lat' dir='ltr'>editque,</span> <span class='ocrx_word' id='word_1_284' title='bbox 1025 2185 1137 2246; x_wconf 76' lang='lat' dir='ltr'>aliusqui·</span> 
     </span>
     <span class='ocr_line' id='line_1_29' title="bbox 178 2247 1139 2310; baseline 0.004 -19"><span class='ocrx_word' id='word_1_285' title='bbox 178 2247 226 2292; x_wconf 84' lang='lat' dir='ltr'>eis?</span> <span class='ocrx_word' id='word_1_286' title='bbox 674 2247 725 2294; x_wconf 82' lang='lat' dir='ltr'>dem</span> <span class='ocrx_word' id='word_1_287' title='bbox 746 2254 846 2302; x_wconf 81' lang='lat' dir='ltr'>centem,</span> <span class='ocrx_word' id='word_1_288' title='bbox 868 2247 924 2294; x_wconf 84' lang='lat' dir='ltr'>elius</span> <span class='ocrx_word' id='word_1_289' title='bbox 946 2263 1063 2310; x_wconf 75' lang='lat' dir='ltr'>sexagena,</span> <span class='ocrx_word' id='word_1_290' title='bbox 1083 2248 1139 2295; x_wconf 82' lang='lat' dir='ltr'>nlius</span> 
     </span>
    </p>

    <p class='ocr_par' dir='ltr' id='par_1_10' title="bbox 213 2307 829 2372">
     <span class='ocr_line' id='line_1_30' title="bbox 213 2307 829 2372; baseline 0.002 -16"><span class='ocrx_word' id='word_1_291' title='bbox 213 2315 238 2356; x_wconf 92' lang='lat' dir='ltr'>ll</span> <span class='ocrx_word' id='word_1_292' title='bbox 258 2309 311 2372; x_wconf 81' lang='lat' dir='ltr'>lpse</span> <span class='ocrx_word' id='word_1_293' title='bbox 321 2307 375 2357; x_wconf 77' lang='lat' dir='ltr'>verd</span> <span class='ocrx_word' id='word_1_294' title='bbox 391 2311 526 2372; x_wconf 82' lang='lat' dir='ltr'>respondens</span> <span class='ocrx_word' id='word_1_295' title='bbox 537 2310 592 2358; x_wconf 89' lang='lat' dir='ltr'>dixit</span> <span class='ocrx_word' id='word_1_296' title='bbox 603 2310 641 2366; x_wconf 87' lang='lat' dir='ltr'>eis,</span> <span class='ocrx_word' id='word_1_297' title='bbox 673 2307 728 2358; x_wconf 70' lang='lat' dir='ltr'>verri</span> <span class='ocrx_word' id='word_1_298' title='bbox 738 2311 829 2357; x_wconf 78' lang='lat' dir='ltr'>triceno.</span> 
     </span>
    </p>

    <p class='ocr_par' dir='ltr' id='par_1_11' title="bbox 180 2373 1139 2564">
     <span class='ocr_line' id='line_1_31' title="bbox 180 2373 1138 2436; baseline 0.002 -16"><span class='ocrx_word' id='word_1_299' title='bbox 180 2375 313 2428; x_wconf 79' lang='lat' dir='ltr'>Quievobis</span> <span class='ocrx_word' id='word_1_300' title='bbox 324 2376 400 2421; x_wconf 85' lang='lat' dir='ltr'>dutum</span> <span class='ocrx_word' id='word_1_301' title='bbox 412 2381 447 2420; x_wconf 86' lang='lat' dir='ltr'>est</span> <span class='ocrx_word' id='word_1_302' title='bbox 461 2374 526 2421; x_wconf 83' lang='lat' dir='ltr'>ndsse</span> <span class='ocrx_word' id='word_1_303' title='bbox 536 2375 644 2436; x_wconf 74' lang='lat' dir='ltr'>mysterio</span> <span class='ocrx_word' id='word_1_304' title='bbox 706 2377 739 2421; x_wconf 80' lang='lat'>24</span> <span class='ocrx_word' id='word_1_305' title='bbox 757 2374 834 2420; x_wconf 76' lang='lat' dir='ltr'>Aliam</span> <span class='ocrx_word' id='word_1_306' title='bbox 841 2373 966 2434; x_wconf 71' lang='lat' dir='ltr'>parabolem</span> <span class='ocrx_word' id='word_1_307' title='bbox 975 2375 1089 2436; x_wconf 88' lang='lat' dir='ltr'>proposuit</span> <span class='ocrx_word' id='word_1_308' title='bbox 1099 2376 1138 2428; x_wconf 80' lang='lat' dir='ltr'>eis.</span> 
     </span>
     <span class='ocr_line' id='line_1_32' title="bbox 180 2437 1137 2500; baseline 0 -15"><span class='ocrx_word' id='word_1_309' title='bbox 180 2439 384 2500; x_wconf 75' lang='lat' dir='ltr'>regnicoelorum3</span> <span class='ocrx_word' id='word_1_310' title='bbox 407 2439 450 2486; x_wconf 79' lang='lat' dir='ltr'>illis</span> <span class='ocrx_word' id='word_1_311' title='bbox 462 2447 541 2486; x_wconf 85' lang='lat' dir='ltr'>sutem·</span> <span class='ocrx_word' id='word_1_312' title='bbox 551 2455 597 2486; x_wconf 90' lang='lat' dir='ltr'>non</span> <span class='ocrx_word' id='word_1_313' title='bbox 607 2447 643 2488; x_wconf 88' lang='lat' dir='ltr'>est</span> <span class='ocrx_word' id='word_1_314' title='bbox 673 2439 756 2490; x_wconf 81' lang='lat' dir='ltr'>dicens,</span> <span class='ocrx_word' id='word_1_315' title='bbox 774 2437 852 2485; x_wconf 83' lang='lat' dir='ltr'>Simile</span> <span class='ocrx_word' id='word_1_316' title='bbox 866 2444 901 2482; x_wconf 87' lang='lat' dir='ltr'>est</span> <span class='ocrx_word' id='word_1_317' title='bbox 915 2452 1009 2498; x_wconf 79' lang='lat' dir='ltr'>regnum</span> <span class='ocrx_word' id='word_1_318' title='bbox 1025 2439 1137 2485; x_wconf 79' lang='lat' dir='ltr'>coelorum</span> 
     </span>
     <span class='ocr_line' id='line_1_33' title="bbox 181 2500 1139 2564; baseline -0.001 -15"><span class='ocrx_word' id='word_1_319' title='bbox 181 2506 261 2551; x_wconf 85' lang='lat' dir='ltr'>dutum.</span> <span class='ocrx_word' id='word_1_320' title='bbox 672 2500 757 2550; x_wconf 83' lang='lat' dir='ltr'>homini</span> <span class='ocrx_word' id='word_1_321' title='bbox 768 2503 850 2550; x_wconf 81' lang='lat' dir='ltr'>serenti</span> <span class='ocrx_word' id='word_1_322' title='bbox 861 2502 944 2547; x_wconf 87' lang='lat' dir='ltr'>bonum</span> <span class='ocrx_word' id='word_1_323' title='bbox 958 2515 1034 2547; x_wconf 87' lang='lat' dir='ltr'>semen</span> <span class='ocrx_word' id='word_1_324' title='bbox 1050 2501 1073 2548; x_wconf 90' lang='lat' dir='ltr'>in</span> <span class='ocrx_word' id='word_1_325' title='bbox 1084 2518 1139 2564; x_wconf 77' lang='lat' dir='ltr'>egro</span> 
     </span>
    </p>

    <p class='ocr_par' dir='ltr' id='par_1_12' title="bbox 178 2567 1138 2807">
     <span class='ocr_line' id='line_1_34' title="bbox 213 2567 733 2628; baseline -0.006 -15"><span class='ocrx_word' id='word_1_326' title='bbox 213 2571 242 2613; x_wconf 85' lang='grc'>12</span> <span class='ocrx_word' id='word_1_327' title='bbox 258 2567 365 2628; x_wconf 76' lang='lat' dir='ltr'>Quisquis</span> <span class='ocrx_word' id='word_1_328' title='bbox 379 2573 454 2613; x_wconf 82' lang='lat' dir='ltr'>autem</span> <span class='ocrx_word' id='word_1_329' title='bbox 470 2568 541 2621; x_wconf 80' lang='lat' dir='ltr'>hebet,</span> <span class='ocrx_word' id='word_1_330' title='bbox 556 2567 643 2614; x_wconf 80' lang='lat' dir='ltr'>dabitur</span> <span class='ocrx_word' id='word_1_331' title='bbox 673 2579 733 2614; x_wconf 79' lang='lat' dir='ltr'>suot</span> 
     </span>
     <span class='ocr_line' id='line_1_35' title="bbox 178 2627 1138 2693; baseline 0 -17"><span class='ocrx_word' id='word_1_332' title='bbox 178 2633 203 2684; x_wconf 82' lang='lat' dir='ltr'>ei,</span> <span class='ocrx_word' id='word_1_333' title='bbox 218 2640 241 2679; x_wconf 93' lang='lat' dir='ltr'>et</span> <span class='ocrx_word' id='word_1_334' title='bbox 257 2632 351 2693; x_wconf 80' lang='lat' dir='ltr'>emplius</span> <span class='ocrx_word' id='word_1_335' title='bbox 368 2632 468 2688; x_wconf 84' lang='lat' dir='ltr'>habebit;</span> <span class='ocrx_word' id='word_1_336' title='bbox 488 2632 586 2692; x_wconf 86' lang='lat' dir='ltr'>quisquis</span> <span class='ocrx_word' id='word_1_337' title='bbox 601 2647 641 2677; x_wconf 82' lang='lat' dir='ltr'>eu·</span> <span class='ocrx_word' id='word_1_338' title='bbox 674 2681 676 2685; x_wconf 68' lang='grc'>,</span> <span class='ocrx_word' id='word_1_339' title='bbox 706 2627 737 2680; x_wconf 72' lang='lat'>23</span> <span class='ocrx_word' id='word_1_340' title='bbox 755 2630 832 2687; x_wconf 85' lang='lat' dir='ltr'>Quum</span> <span class='ocrx_word' id='word_1_341' title='bbox 843 2639 917 2678; x_wconf 76' lang='lat' dir='ltr'>entem</span> <span class='ocrx_word' id='word_1_342' title='bbox 934 2629 1056 2677; x_wconf 87' lang='lat' dir='ltr'>dormirent</span> <span class='ocrx_word' id='word_1_343' title='bbox 1066 2631 1138 2678; x_wconf 87' lang='lat' dir='ltr'>homi·</span> 
     </span>
     <span class='ocr_line' id='line_1_36' title="bbox 180 2695 1131 2759; baseline 0.001 -19"><span class='ocrx_word' id='word_1_344' title='bbox 180 2709 223 2740; x_wconf 70' lang='lat' dir='ltr'>rem</span> <span class='ocrx_word' id='word_1_345' title='bbox 235 2711 280 2742; x_wconf 89' lang='lat' dir='ltr'>nou</span> <span class='ocrx_word' id='word_1_346' title='bbox 292 2697 364 2750; x_wconf 85' lang='lat' dir='ltr'>habet,</span> <span class='ocrx_word' id='word_1_347' title='bbox 376 2695 641 2756; x_wconf 75' lang='lat' dir='ltr'>etiamquodhnbettol·</span> <span class='ocrx_word' id='word_1_348' title='bbox 674 2711 721 2750; x_wconf 91' lang='lat' dir='ltr'>nes,</span> <span class='ocrx_word' id='word_1_349' title='bbox 732 2697 852 2759; x_wconf 79' lang='lat' dir='ltr'>veniteJ&#39;us</span> <span class='ocrx_word' id='word_1_350' title='bbox 868 2696 976 2749; x_wconf 87' lang='lat' dir='ltr'>inimicus,</span> <span class='ocrx_word' id='word_1_351' title='bbox 994 2703 1017 2742; x_wconf 89' lang='lat' dir='ltr'>et</span> <span class='ocrx_word' id='word_1_352' title='bbox 1033 2697 1090 2743; x_wconf 85' lang='lat' dir='ltr'>sevit</span> <span class='ocrx_word' id='word_1_353' title='bbox 1102 2698 1131 2741; x_wconf 83' lang='lat' dir='ltr'>zi·</span> 
     </span>
     <span class='ocr_line' id='line_1_37' title="bbox 180 2760 1020 2807; baseline 0.002 -3"><span class='ocrx_word' id='word_1_354' title='bbox 180 2765 235 2805; x_wconf 85' lang='lat' dir='ltr'>tetur</span> <span class='ocrx_word' id='word_1_355' title='bbox 245 2761 272 2805; x_wconf 79' lang='lat' dir='ltr'>ab</span> <span class='ocrx_word' id='word_1_356' title='bbox 280 2775 315 2805; x_wconf 87' lang='lat' dir='ltr'>eo.</span> <span class='ocrx_word' id='word_1_357' title='bbox 522 2781 525 2790; x_wconf 58' lang='lat'><strong><em>⁴</em></strong></span> <span class='ocrx_word' id='word_1_358' title='bbox 675 2761 741 2807; x_wconf 80' lang='lat' dir='ltr'>zonis</span> <span class='ocrx_word' id='word_1_359' title='bbox 751 2761 808 2807; x_wconf 83' lang='lat' dir='ltr'>inter</span> <span class='ocrx_word' id='word_1_360' title='bbox 819 2761 916 2806; x_wconf 89' lang='lat' dir='ltr'>triticum</span> <span class='ocrx_word' id='word_1_361' title='bbox 927 2767 950 2806; x_wconf 88' lang='lat' dir='ltr'>et</span> <span class='ocrx_word' id='word_1_362' title='bbox 961 2760 1020 2806; x_wconf 79' lang='lat' dir='ltr'>abiit.</span> 
     </span>
    </p>

    <p class='ocr_par' dir='ltr' id='par_1_13' title="bbox 179 2821 1139 3012">
     <span class='ocr_line' id='line_1_38' title="bbox 213 2821 1138 2886; baseline 0 -18"><span class='ocrx_word' id='word_1_363' title='bbox 213 2828 242 2869; x_wconf 82' lang='lat'>13</span> <span class='ocrx_word' id='word_1_364' title='bbox 259 2823 383 2884; x_wconf 81' lang='lat' dir='ltr'>Propterea</span> <span class='ocrx_word' id='word_1_365' title='bbox 393 2839 432 2884; x_wconf 88' lang='lat' dir='ltr'>per</span> <span class='ocrx_word' id='word_1_366' title='bbox 438 2823 552 2884; x_wconf 71' lang='lat' dir='ltr'>peribolos</span> <span class='ocrx_word' id='word_1_367' title='bbox 562 2823 642 2884; x_wconf 89' lang='lat' dir='ltr'>loquor</span> <span class='ocrx_word' id='word_1_368' title='bbox 706 2829 737 2871; x_wconf 87' lang='grc'>26</span> <span class='ocrx_word' id='word_1_369' title='bbox 753 2825 831 2880; x_wconf 80' lang='lat' dir='ltr'>Quum</span> <span class='ocrx_word' id='word_1_370' title='bbox 842 2821 896 2870; x_wconf 76' lang='lat' dir='ltr'>vend</span> <span class='ocrx_word' id='word_1_371' title='bbox 906 2822 1053 2886; x_wconf 76' lang='lat' dir='ltr'>germinisset</span> <span class='ocrx_word' id='word_1_372' title='bbox 1064 2824 1138 2874; x_wconf 76' lang='lat' dir='ltr'>herbe.</span> 
     </span>
     <span class='ocr_line' id='line_1_39' title="bbox 179 2888 1139 2950; baseline 0.001 -18"><span class='ocrx_word' id='word_1_373' title='bbox 179 2889 224 2942; x_wconf 84' lang='lat' dir='ltr'>eis;</span> <span class='ocrx_word' id='word_1_374' title='bbox 235 2888 287 2947; x_wconf 82' lang='lat' dir='ltr'>quis</span> <span class='ocrx_word' id='word_1_375' title='bbox 297 2888 399 2933; x_wconf 80' lang='lat' dir='ltr'>videntes</span> <span class='ocrx_word' id='word_1_376' title='bbox 414 2903 459 2933; x_wconf 90' lang='lat' dir='ltr'>non</span> <span class='ocrx_word' id='word_1_377' title='bbox 473 2888 555 2940; x_wconf 76' lang='lat' dir='ltr'>iident,</span> <span class='ocrx_word' id='word_1_378' title='bbox 567 2895 590 2933; x_wconf 88' lang='lat' dir='ltr'>et</span> <span class='ocrx_word' id='word_1_379' title='bbox 601 2903 640 2933; x_wconf 83' lang='lat' dir='ltr'>nu-</span> <span class='ocrx_word' id='word_1_380' title='bbox 673 2895 696 2934; x_wconf 91' lang='lat' dir='ltr'>et</span> <span class='ocrx_word' id='word_1_381' title='bbox 706 2888 803 2935; x_wconf 84' lang='lat' dir='ltr'>fructum</span> <span class='ocrx_word' id='word_1_382' title='bbox 811 2889 921 2943; x_wconf 83' lang='lat' dir='ltr'>edidisset,</span> <span class='ocrx_word' id='word_1_383' title='bbox 929 2897 982 2934; x_wconf 88' lang='lat' dir='ltr'>tuuc</span> <span class='ocrx_word' id='word_1_384' title='bbox 991 2895 1139 2950; x_wconf 74' lang='lat' dir='ltr'>apparuerunt</span> 
     </span>
     <span class='ocr_line' id='line_1_40' title="bbox 179 2951 848 3012; baseline 0.004 -16"><span class='ocrx_word' id='word_1_385' title='bbox 179 2951 263 2997; x_wconf 88' lang='lat' dir='ltr'>dientes</span> <span class='ocrx_word' id='word_1_386' title='bbox 274 2966 319 2997; x_wconf 86' lang='lat' dir='ltr'>nou</span> <span class='ocrx_word' id='word_1_387' title='bbox 331 2951 429 3005; x_wconf 79' lang='lat' dir='ltr'>audiunt,</span> <span class='ocrx_word' id='word_1_388' title='bbox 442 2965 483 2997; x_wconf 87' lang='lat' dir='ltr'>nee</span> <span class='ocrx_word' id='word_1_389' title='bbox 493 2951 627 3012; x_wconf 84' lang='lat' dir='ltr'>intelligunt.</span> <span class='ocrx_word' id='word_1_390' title='bbox 673 2953 739 2998; x_wconf 85' lang='lat' dir='ltr'>etiam</span> <span class='ocrx_word' id='word_1_391' title='bbox 752 2952 848 2999; x_wconf 80' lang='lat' dir='ltr'>zizania.</span> 
     </span>
    </p>

    <p class='ocr_par' dir='ltr' id='par_1_14' title="bbox 178 3014 1138 3264">
     <span class='ocr_line' id='line_1_41' title="bbox 213 3014 1138 3077; baseline -0.001 -18"><span class='ocrx_word' id='word_1_392' title='bbox 213 3018 242 3059; x_wconf 84' lang='lat'>14</span> <span class='ocrx_word' id='word_1_393' title='bbox 259 3014 338 3075; x_wconf 78' lang='lat' dir='ltr'>ltaque</span> <span class='ocrx_word' id='word_1_394' title='bbox 349 3015 472 3077; x_wconf 86' lang='lat' dir='ltr'>completur</span> <span class='ocrx_word' id='word_1_395' title='bbox 485 3015 508 3060; x_wconf 90' lang='lat' dir='ltr'>iu</span> <span class='ocrx_word' id='word_1_396' title='bbox 524 3015 577 3076; x_wconf 88' lang='lat' dir='ltr'>ipsis</span> <span class='ocrx_word' id='word_1_397' title='bbox 588 3031 641 3077; x_wconf 90' lang='lat' dir='ltr'>pro-</span> <span class='ocrx_word' id='word_1_398' title='bbox 706 3019 737 3063; x_wconf 86' lang='grc'>27</span> <span class='ocrx_word' id='word_1_399' title='bbox 753 3016 892 3062; x_wconf 70' lang='lat' dir='ltr'>decedentes</span> <span class='ocrx_word' id='word_1_400' title='bbox 903 3022 977 3062; x_wconf 81' lang='lat' dir='ltr'>eutem</span> <span class='ocrx_word' id='word_1_401' title='bbox 989 3015 1047 3060; x_wconf 82' lang='lat' dir='ltr'>servi</span> <span class='ocrx_word' id='word_1_402' title='bbox 1058 3014 1138 3075; x_wconf 74' lang='lat' dir='ltr'>petris-</span> 
     </span>
     <span class='ocr_line' id='line_1_42' title="bbox 179 3077 1138 3140; baseline 0 -16"><span class='ocrx_word' id='word_1_403' title='bbox 179 3080 252 3140; x_wconf 81' lang='lat' dir='ltr'>plretie</span> <span class='ocrx_word' id='word_1_404' title='bbox 263 3079 350 3133; x_wconf 82' lang='lat' dir='ltr'>Esaiae,</span> <span class='ocrx_word' id='word_1_405' title='bbox 362 3094 419 3138; x_wconf 83' lang='lat' dir='ltr'>quae</span> <span class='ocrx_word' id='word_1_406' title='bbox 432 3079 491 3132; x_wconf 84' lang='lat' dir='ltr'>dicit,</span> <span class='ocrx_word' id='word_1_407' title='bbox 504 3079 590 3125; x_wconf 83' lang='lat' dir='ltr'>Auditu</span> <span class='ocrx_word' id='word_1_408' title='bbox 601 3094 641 3124; x_wconf 84' lang='lat' dir='ltr'>nu·</span> <span class='ocrx_word' id='word_1_409' title='bbox 673 3077 773 3134; x_wconf 76' lang='lat' dir='ltr'>smniliis,</span> <span class='ocrx_word' id='word_1_410' title='bbox 785 3080 889 3124; x_wconf 83' lang='lat' dir='ltr'>dixerunt</span> <span class='ocrx_word' id='word_1_411' title='bbox 899 3080 927 3131; x_wconf 85' lang='lat' dir='ltr'>ei,</span> <span class='ocrx_word' id='word_1_412' title='bbox 940 3078 1046 3130; x_wconf 83' lang='lat' dir='ltr'>Domine,</span> <span class='ocrx_word' id='word_1_413' title='bbox 1064 3091 1138 3124; x_wconf 77' lang='lat' dir='ltr'>nonne</span> 
     </span>
     <span class='ocr_line' id='line_1_43' title="bbox 178 3137 1137 3204; baseline -0.005 -14"><span class='ocrx_word' id='word_1_414' title='bbox 178 3142 493 3204; x_wconf 72' lang='lat' dir='ltr'>dietisetnonintelligetis3</span> <span class='ocrx_word' id='word_1_415' title='bbox 508 3143 642 3190; x_wconf 77' lang='lat' dir='ltr'>stridentes</span> <span class='ocrx_word' id='word_1_416' title='bbox 673 3143 757 3188; x_wconf 89' lang='lat' dir='ltr'>bonum</span> <span class='ocrx_word' id='word_1_417' title='bbox 778 3156 855 3186; x_wconf 87' lang='lat' dir='ltr'>semen</span> <span class='ocrx_word' id='word_1_418' title='bbox 875 3141 950 3186; x_wconf 87' lang='lat' dir='ltr'>sevisti</span> <span class='ocrx_word' id='word_1_419' title='bbox 967 3141 990 3185; x_wconf 90' lang='lat' dir='ltr'>in</span> <span class='ocrx_word' id='word_1_420' title='bbox 1007 3146 1047 3186; x_wconf 89' lang='lat' dir='ltr'>tuo</span> <span class='ocrx_word' id='word_1_421' title='bbox 1062 3137 1137 3202; x_wconf 69' lang='lat' dir='ltr'>egro?</span> 
     </span>
     <span class='ocr_line' id='line_1_44' title="bbox 179 3202 992 3264; baseline -0.007 -11"><span class='ocrx_word' id='word_1_422' title='bbox 179 3206 284 3260; x_wconf 70' lang='lat' dir='ltr'>videbitis,</span> <span class='ocrx_word' id='word_1_423' title='bbox 296 3214 319 3252; x_wconf 91' lang='lat' dir='ltr'>et</span> <span class='ocrx_word' id='word_1_424' title='bbox 331 3221 376 3252; x_wconf 90' lang='lat' dir='ltr'>non</span> <span class='ocrx_word' id='word_1_425' title='bbox 387 3207 495 3254; x_wconf 78' lang='lat' dir='ltr'>cernetis:</span> <span class='ocrx_word' id='word_1_426' title='bbox 675 3206 733 3251; x_wconf 88' lang='lat' dir='ltr'>unde</span> <span class='ocrx_word' id='word_1_427' title='bbox 744 3219 799 3264; x_wconf 79' lang='lat' dir='ltr'>ergo</span> <span class='ocrx_word' id='word_1_428' title='bbox 810 3205 874 3248; x_wconf 80' lang='lat' dir='ltr'>hebet</span> <span class='ocrx_word' id='word_1_429' title='bbox 885 3202 992 3249; x_wconf 83' lang='lat' dir='ltr'>ziznnisi</span> 
     </span>
    </p>

    <p class='ocr_par' dir='ltr' id='par_1_15' title="bbox 178 3264 1138 3643">
     <span class='ocr_line' id='line_1_45' title="bbox 212 3264 1138 3321; baseline -0.004 -5"><span class='ocrx_word' id='word_1_430' title='bbox 212 3273 242 3318; x_wconf 79' lang='lat'>15</span> <span class='ocrx_word' id='word_1_431' title='bbox 263 3269 370 3318; x_wconf 81' lang='lat' dir='ltr'>Crassum</span> <span class='ocrx_word' id='word_1_432' title='bbox 386 3270 470 3316; x_wconf 79' lang='lat' dir='ltr'>tactum</span> <span class='ocrx_word' id='word_1_433' title='bbox 483 3279 517 3317; x_wconf 80' lang='lat' dir='ltr'>est</span> <span class='ocrx_word' id='word_1_434' title='bbox 530 3270 590 3317; x_wconf 86' lang='lat' dir='ltr'>enim</span> <span class='ocrx_word' id='word_1_435' title='bbox 604 3285 642 3316; x_wconf 69' lang='lat' dir='ltr'>co2¹</span> <span class='ocrx_word' id='word_1_436' title='bbox 707 3273 738 3314; x_wconf 86' lang='grc'>28</span> <span class='ocrx_word' id='word_1_437' title='bbox 757 3266 798 3313; x_wconf 90' lang='lat' dir='ltr'>llle</span> <span class='ocrx_word' id='word_1_438' title='bbox 820 3264 873 3312; x_wconf 75' lang='lat' dir='ltr'>seul</span> <span class='ocrx_word' id='word_1_439' title='bbox 894 3267 950 3312; x_wconf 81' lang='lat' dir='ltr'>dixit</span> <span class='ocrx_word' id='word_1_440' title='bbox 968 3267 1006 3321; x_wconf 80' lang='lat' dir='ltr'>eis,</span> <span class='ocrx_word' id='word_1_441' title='bbox 1030 3264 1138 3318; x_wconf 74' lang='lat' dir='ltr'>Inimicus</span> 
     </span>
     <span class='ocr_line' id='line_1_46' title="bbox 180 3330 1137 3396; baseline 0 -16"><span class='ocrx_word' id='word_1_442' title='bbox 180 3335 250 3395; x_wconf 60' lang='lat' dir='ltr'>pupuli</span> <span class='ocrx_word' id='word_1_443' title='bbox 263 3335 335 3396; x_wconf 71' lang='lat' dir='ltr'>hujus,</span> <span class='ocrx_word' id='word_1_444' title='bbox 347 3342 370 3380; x_wconf 88' lang='lat' dir='ltr'>et</span> <span class='ocrx_word' id='word_1_445' title='bbox 384 3335 473 3381; x_wconf 76' lang='lat' dir='ltr'>nuribus</span> <span class='ocrx_word' id='word_1_446' title='bbox 488 3335 587 3395; x_wconf 78' lang='lat' dir='ltr'>graviter</span> <span class='ocrx_word' id='word_1_447' title='bbox 601 3349 641 3379; x_wconf 85' lang='lat' dir='ltr'>au·</span> <span class='ocrx_word' id='word_1_448' title='bbox 674 3334 781 3394; x_wconf 79' lang='lat' dir='ltr'>quispiam</span> <span class='ocrx_word' id='word_1_449' title='bbox 791 3330 900 3378; x_wconf 78' lang='lat' dir='ltr'>hocseeit.</span> <span class='ocrx_word' id='word_1_450' title='bbox 934 3331 1137 3380; x_wconf 73' lang='lat' dir='ltr'>servisnemdix-</span> 
     </span>
     <span class='ocr_line' id='line_1_47' title="bbox 182 3395 1129 3457; baseline -0.002 -13"><span class='ocrx_word' id='word_1_451' title='bbox 182 3399 271 3452; x_wconf 71' lang='lat' dir='ltr'>learnt,</span> <span class='ocrx_word' id='word_1_452' title='bbox 289 3406 312 3445; x_wconf 88' lang='lat' dir='ltr'>et</span> <span class='ocrx_word' id='word_1_453' title='bbox 329 3399 399 3444; x_wconf 88' lang='lat' dir='ltr'>oculis</span> <span class='ocrx_word' id='word_1_454' title='bbox 418 3398 464 3444; x_wconf 87' lang='lat' dir='ltr'>suis</span> <span class='ocrx_word' id='word_1_455' title='bbox 479 3398 641 3453; x_wconf 76' lang='lat' dir='ltr'>conniverunt3</span> <span class='ocrx_word' id='word_1_456' title='bbox 673 3405 739 3443; x_wconf 83' lang='lat' dir='ltr'>eruut</span> <span class='ocrx_word' id='word_1_457' title='bbox 750 3397 777 3448; x_wconf 89' lang='lat' dir='ltr'>ei,</span> <span class='ocrx_word' id='word_1_458' title='bbox 791 3395 838 3449; x_wconf 87' lang='lat' dir='ltr'>Vis,</span> <span class='ocrx_word' id='word_1_459' title='bbox 848 3397 922 3457; x_wconf 79' lang='lat' dir='ltr'>igitur,</span> <span class='ocrx_word' id='word_1_460' title='bbox 932 3397 1035 3443; x_wconf 58' lang='lat' dir='ltr'>mamus</span> <span class='ocrx_word' id='word_1_461' title='bbox 1043 3402 1066 3442; x_wconf 90' lang='lat' dir='ltr'>et</span> <span class='ocrx_word' id='word_1_462' title='bbox 1074 3396 1129 3442; x_wconf 87' lang='lat' dir='ltr'>colli·</span> 
     </span>
     <span class='ocr_line' id='line_1_48' title="bbox 180 3459 807 3522; baseline -0.005 -14"><span class='ocrx_word' id='word_1_463' title='bbox 180 3479 206 3508; x_wconf 77' lang='lat' dir='ltr'>re</span> <span class='ocrx_word' id='word_1_464' title='bbox 218 3463 305 3522; x_wconf 79' lang='lat' dir='ltr'>quondo</span> <span class='ocrx_word' id='word_1_465' title='bbox 317 3469 409 3508; x_wconf 74' lang='lat' dir='ltr'>cernent</span> <span class='ocrx_word' id='word_1_466' title='bbox 422 3462 499 3515; x_wconf 86' lang='lat' dir='ltr'>oculis,</span> <span class='ocrx_word' id='word_1_467' title='bbox 514 3469 538 3507; x_wconf 90' lang='lat' dir='ltr'>et</span> <span class='ocrx_word' id='word_1_468' title='bbox 554 3461 642 3507; x_wconf 73' lang='lat' dir='ltr'>turibus</span> <span class='ocrx_word' id='word_1_469' title='bbox 674 3476 753 3522; x_wconf 74' lang='lat' dir='ltr'>gemus</span> <span class='ocrx_word' id='word_1_470' title='bbox 764 3459 807 3506; x_wconf 78' lang='lat' dir='ltr'>es?</span> 
     </span>
     <span class='ocr_line' id='line_1_49' title="bbox 179 3523 1123 3587; baseline -0.002 -15"><span class='ocrx_word' id='word_1_471' title='bbox 179 3526 273 3579; x_wconf 77' lang='lat' dir='ltr'>rudiunt,</span> <span class='ocrx_word' id='word_1_472' title='bbox 296 3533 320 3572; x_wconf 88' lang='lat' dir='ltr'>et</span> <span class='ocrx_word' id='word_1_473' title='bbox 340 3526 408 3572; x_wconf 84' lang='lat' dir='ltr'>eorde</span> <span class='ocrx_word' id='word_1_474' title='bbox 426 3525 558 3587; x_wconf 81' lang='lat' dir='ltr'>intelligunt,</span> <span class='ocrx_word' id='word_1_475' title='bbox 577 3532 599 3570; x_wconf 87' lang='lat' dir='ltr'>et</span> <span class='ocrx_word' id='word_1_476' title='bbox 618 3539 642 3570; x_wconf 88' lang='lat' dir='ltr'>se</span> <span class='ocrx_word' id='word_1_477' title='bbox 707 3530 738 3572; x_wconf 82' lang='grc'>29</span> <span class='ocrx_word' id='word_1_478' title='bbox 755 3525 787 3570; x_wconf 78' lang='lat' dir='ltr'>m</span> <span class='ocrx_word' id='word_1_479' title='bbox 795 3524 831 3569; x_wconf 92' lang='lat' dir='ltr'>ille</span> <span class='ocrx_word' id='word_1_480' title='bbox 839 3523 900 3576; x_wconf 87' lang='lat' dir='ltr'>dixit,</span> <span class='ocrx_word' id='word_1_481' title='bbox 908 3523 974 3570; x_wconf 73' lang='lat' dir='ltr'>Nrnz</span> <span class='ocrx_word' id='word_1_482' title='bbox 995 3523 1123 3586; x_wconf 74' lang='lat' dir='ltr'>necolligrn</span> 
     </span>
     <span class='ocr_line' id='line_1_50' title="bbox 178 3587 1137 3643; baseline 0.001 -8"><span class='ocrx_word' id='word_1_483' title='bbox 178 3597 316 3643; x_wconf 73' lang='lat' dir='ltr'>rouuertent,</span> <span class='ocrx_word' id='word_1_484' title='bbox 327 3597 350 3636; x_wconf 88' lang='lat' dir='ltr'>et</span> <span class='ocrx_word' id='word_1_485' title='bbox 362 3601 438 3635; x_wconf 82' lang='lat' dir='ltr'>senem</span> <span class='ocrx_word' id='word_1_486' title='bbox 449 3605 495 3635; x_wconf 84' lang='lat' dir='ltr'>eos.</span> <span class='ocrx_word' id='word_1_487' title='bbox 677 3589 705 3635; x_wconf 82' lang='lat' dir='ltr'>do</span> <span class='ocrx_word' id='word_1_488' title='bbox 722 3588 811 3633; x_wconf 74' lang='lat' dir='ltr'>zizania</span> <span class='ocrx_word' id='word_1_489' title='bbox 827 3589 941 3633; x_wconf 83' lang='lat' dir='ltr'>eradicetis</span> <span class='ocrx_word' id='word_1_490' title='bbox 957 3587 1021 3633; x_wconf 78' lang='lat' dir='ltr'>umui</span> <span class='ocrx_word' id='word_1_491' title='bbox 1037 3604 1088 3634; x_wconf 89' lang='lat' dir='ltr'>cum</span> <span class='ocrx_word' id='word_1_492' title='bbox 1105 3601 1137 3636; x_wconf 74' lang='lat' dir='ltr'>ss</span> 
     </span>
    </p>

    <p class='ocr_par' dir='ltr' id='par_1_16' title="bbox 213 3650 780 3704">
     <span class='ocr_line' id='line_1_51' title="bbox 213 3650 780 3704; baseline -0.009 -4"><span class='ocrx_word' id='word_1_493' title='bbox 213 3657 241 3700; x_wconf 85' lang='lat' dir='ltr'>l6</span> <span class='ocrx_word' id='word_1_494' title='bbox 260 3653 337 3700; x_wconf 85' lang='lat' dir='ltr'>Vestri</span> <span class='ocrx_word' id='word_1_495' title='bbox 360 3650 413 3699; x_wconf 80' lang='lat' dir='ltr'>verri</span> <span class='ocrx_word' id='word_1_496' title='bbox 431 3653 488 3700; x_wconf 81' lang='lat' dir='ltr'>besti</span> <span class='ocrx_word' id='word_1_497' title='bbox 508 3658 561 3698; x_wconf 88' lang='lat' dir='ltr'>sunt</span> <span class='ocrx_word' id='word_1_498' title='bbox 577 3651 641 3704; x_wconf 88' lang='lat' dir='ltr'>oculi,</span> <span class='ocrx_word' id='word_1_499' title='bbox 676 3653 780 3698; x_wconf 81' lang='lat' dir='ltr'>triticum.</span> 
     </span>
    </p>

    <p class='ocr_par' dir='ltr' id='par_1_17' title="bbox 180 3712 1137 3837">
     <span class='ocr_line' id='line_1_52' title="bbox 180 3712 1137 3775; baseline -0.004 -11"><span class='ocrx_word' id='word_1_500' title='bbox 180 3717 236 3764; x_wconf 78' lang='lat' dir='ltr'>&#39;ruod</span> <span class='ocrx_word' id='word_1_501' title='bbox 248 3717 388 3772; x_wconf 76' lang='lat' dir='ltr'>videent3et</span> <span class='ocrx_word' id='word_1_502' title='bbox 399 3731 463 3763; x_wconf 81' lang='lat' dir='ltr'>eures</span> <span class='ocrx_word' id='word_1_503' title='bbox 474 3723 567 3766; x_wconf 72' lang='lat' dir='ltr'>vestrae,</span> <span class='ocrx_word' id='word_1_504' title='bbox 585 3713 642 3774; x_wconf 86' lang='lat' dir='ltr'>qudd</span> <span class='ocrx_word' id='word_1_505' title='bbox 708 3719 741 3761; x_wconf 78' lang='lat'>50</span> <span class='ocrx_word' id='word_1_506' title='bbox 758 3714 828 3760; x_wconf 89' lang='lat' dir='ltr'>Sinite</span> <span class='ocrx_word' id='word_1_507' title='bbox 850 3721 941 3775; x_wconf 79' lang='lat' dir='ltr'>utraque</span> <span class='ocrx_word' id='word_1_508' title='bbox 958 3712 1023 3758; x_wconf 76' lang='lat' dir='ltr'>simul</span> <span class='ocrx_word' id='word_1_509' title='bbox 1039 3727 1137 3761; x_wconf 80' lang='lat' dir='ltr'>erescere</span> 
     </span>
     <span class='ocr_line' id='line_1_53' title="bbox 181 3777 1137 3837; baseline -0.004 -9"><span class='ocrx_word' id='word_1_510' title='bbox 181 3782 267 3828; x_wconf 70' lang='lat' dir='ltr'>rudiunt</span> <span class='ocrx_word' id='word_1_511' title='bbox 678 3795 746 3826; x_wconf 77' lang='lat' dir='ltr'>usum</span> <span class='ocrx_word' id='word_1_512' title='bbox 757 3777 784 3824; x_wconf 78' lang='lat' dir='ltr'>sd</span> <span class='ocrx_word' id='word_1_513' title='bbox 795 3793 902 3824; x_wconf 84' lang='lat' dir='ltr'>messem·</span> <span class='ocrx_word' id='word_1_514' title='bbox 922 3785 945 3824; x_wconf 82' lang='lat' dir='ltr'>et</span> <span class='ocrx_word' id='word_1_515' title='bbox 953 3785 1052 3837; x_wconf 67' lang='lat' dir='ltr'>tempore</span> <span class='ocrx_word' id='word_1_516' title='bbox 1061 3791 1137 3824; x_wconf 67' lang='lat' dir='ltr'>uranu</span> 
     </span>
    </p>
   </div>
   <div class='ocr_carea' id='block_1_3' title="bbox 0 0 1372 4314">
    <p class='ocr_par' dir='ltr' id='par_1_18' title="bbox 0 0 1372 4314">
     <span class='ocr_line' id='line_1_54' title="bbox 0 0 1372 4314; baseline 0 0"><span class='ocrx_word' id='word_1_517' title='bbox 0 0 1372 4314; x_wconf 95' lang='lat' dir='ltr'> </span> 
     </span>
    </p>
   </div>
  </div>
 </body>
</html>
