2734 4314
473 389 475 396 ⁴
539 404 764 462 ulammaus
790 405 863 455 xm.

222 516 324 567 adrersds
335 518 432 579 reipsum
448 515 553 563 dissidetr
572 515 685 577 quomodo
716 514 797 575 quirit;
815 514 854 561 sed
862 530 952 576 signum
961 531 1006 562 nan
1015 515 1135 572 dubiturei,
1144 534 1172 566 ur·

221 599 274 646 ergo
286 584 350 629 stabit
362 595 456 642 regnum
467 579 532 641 ejus?
717 579 734 624 si
747 579 837 640 signum
848 579 902 625 iilud
912 578 985 626 Jonae
995 582 1128 642 prophetans

252 651 282 693 27
302 647 333 692 Et
345 647 362 691 si
374 660 418 706 ego
428 658 468 704 per
476 641 635 689 Beelzebuiem
644 644 683 705 eji-
749 647 782 688 40
799 642 862 689 Sicut
872 645 931 689 enim
940 643 982 690 fuit
990 644 1061 692 Jonas
1070 646 1093 692 in
1102 653 1177 692 ventre

222 713 255 755 rio
266 710 387 762 daemonia,
398 708 436 753 filii
449 708 516 754 nestri
527 722 567 768 per
577 721 643 767 quem
657 723 684 754 eu
717 708 760 752 ceti
772 714 816 752 tres
831 707 878 754 dies
894 715 917 753 et
933 716 978 754 tres
995 715 1079 763 noctes,
1096 711 1128 757 ita
1139 713 1178 756 erit

221 773 326 836 eliciunt?
343 780 459 835 propterea
477 772 518 832 ipsi
535 779 601 817 erunt
617 772 685 817 nestri
720 769 789 816 Filius
798 771 892 817 bominis
902 773 923 818 iu
931 773 996 818 corde
1005 781 1075 820 terrae
1083 775 1178 820 tresdier

222 839 311 896 ludices.
717 847 740 880 et
751 842 796 880 tres
808 843 891 880 noctes.

255 905 285 946 28
298 903 419 948 sinautem
428 900 583 962 perspiritum
591 897 686 960 Deiego
750 901 778 943 41
802 897 922 944 Ninevitae
934 900 1084 961 resurgentia
1097 901 1177 962 judicit

222 967 285 1030 ejicio
307 966 429 1015 daemonia,
446 980 526 1026 nempe
542 963 686 1026 pervenitad
718 977 769 1008 cum
795 969 863 1023 gente
890 961 938 1016 istd,
961 971 983 1008 et
1004 965 1178 1012 condemnabas·

223 1046 263 1076 ans
275 1045 368 1091 regnum
382 1029 434 1075 Dei.
718 1041 781 1073 eam:
801 1022 861 1086 qudd
877 1027 917 1088 ipsi
935 1027 1066 1088 resipuerint
1076 1029 1104 1074 ad
1117 1044 1177 1092 pru

256 1098 287 1142 ‘29
305 1093 365 1140 Nam
381 1093 493 1154 quomodo
514 1099 589 1156 potest
609 1091 687 1152 aliquis
719 1090 809 1136 eonium
829 1089 915 1148 Jonae;
933 1097 962 1144 et,
979 1107 1037 1147 ecee,
1055 1091 1105 1154 plus
1116 1091 1179 1154 qula

212 1158 310 1236 ,ngredi
326 1158 417 1204 domum
430 1157 528 1218 potentis
542 1155 648 1217 alicrqp‘ua,
665 1163 688 1201 et
720 1152 833 1201 Jonasest
845 1156 867 1200 in
879 1155 989 1202 hocloco.
1008 1209 1009 1214 ¹

227 1239 275 1269 rasa
287 1223 334 1286 ejus
344 1221 444 1283 diripere,
456 1221 498 1267 nisi
508 1217 581 1282 primd
592 1220 689 1266 vinxerit
752 1222 784 1263 42
802 1217 892 1280 Regina
903 1219 982 1264 Austri
994 1228 1070 1284 surget
1085 1219 1107 1266 in
1120 1221 1180 1284 jndi-

225 1294 336 1346 potentem
343 1285 422 1332 illumi
437 1293 461 1330 et
469 1292 522 1330 tune
530 1284 621 1329 domum
630 1283 688 1328 illius
719 1281 754 1326 cio
774 1297 825 1328 cum
842 1292 910 1344 gente
926 1281 975 1336 istd,
992 1290 1015 1328 et
1029 1284 1181 1332 condemnabit

225 1351 316 1410 diripiet.
719 1361 782 1391 eum:
804 1342 863 1405 qudd
874 1347 960 1393 venerit
970 1362 984 1393 a
994 1348 1094 1394 terminis
1105 1357 1181 1403 terrae,

256 1419 288 1459 50
307 1412 352 1467 Qui
362 1428 406 1459 non
418 1420 452 1458 est
463 1427 557 1464 mecum,
569 1407 688 1458 adversim
720 1417 744 1454 ut
755 1409 840 1456 audiret
851 1411 980 1471 sapientium
993 1411 1133 1468 Solomonis3
1152 1421 1181 1467 et,
1214 1431 1216 1435 ·

225 1493 260 1523 rue
280 1485 328 1524 est:
354 1485 378 1523 et
393 1477 430 1537 qui
448 1491 494 1522 nou
513 1476 575 1537 cogit
592 1489 687 1530 mecum,
720 1489 778 1582 poce,
789 1474 840 1535 plus
851 1472 916 1535 quim
935 1475 1043 1521 Salomon
1058 1484 1090 1522 est
1107 1477 1129 1523 in
1140 1477 1180 1523 buc

225 1557 274 1587 sar
292 1542 316 1586 it.
728 1553 777 1584 oco.

236 1557 291 1650 pdl
309 1604 431 1666 Propterea
441 1604 490 1649 dico
502 1603 570 1657 vobis,
584 1596 696 1657 Quodvis.
752 1605 785 1648 43
805 1599 924 1650 Caeterdm
933 1618 1000 1663 quum
1010 1603 1109 1665 impurus
1118 1604 1181 1666 spiri-

201 1721 204 1725 .
225 1680 339 1730 peecrnum
360 1675 383 1714 et
404 1668 539 1729 blasphemia
564 1668 688 1713 remittetur
720 1674 755 1711 tus
774 1666 853 1713 exierit
868 1683 883 1713 a
901 1669 1011 1728 quopiam,
1031 1668 1128 1714 ambulat
1145 1684 1181 1730 per

225 1733 362 1779 bominibus:
384 1732 519 1793 blasphemia
531 1729 585 1777 veni
600 1731 622 1777 in
635 1731 686 1792 Spi-
719 1730 780 1777 an'da
790 1731 845 1785 loca,
863 1746 970 1792 quaerens
988 1732 1091 1792 requiem,
1103 1739 1125 1778 et
1137 1747 1181 1778 nou

226 1798 291 1842 ritum
303 1813 348 1842 non
360 1797 484 1842 remittetur
495 1796 627 1842 bominibus.
719 1793 812 1841 invenit.

197 1902 202 1910 ,
257 1865 289 1907 32
307 1861 338 1907 Et
349 1861 559 1922 quisquisioquutus
570 1860 636 1906 fuerit
646 1860 685 1906 ad-
752 1861 784 1904 44
800 1857 866 1906 Tunc
884 1859 943 1913 dicit,
963 1858 1073 1906 Revertar
1091 1859 1181 1907 domum

226 1923 303 1971 versds
316 1925 396 1972 Filium
409 1926 510 1976 bominis,
521 1925 686 1970 remitteturei:
719 1937 798 1976 meam,
810 1923 869 1969 uude
884 1923 951 1969 exivi.
985 1923 1018 1970 Et
1031 1939 1101 1984 quum
1115 1925 1181 1975 veuit,

226 1990 323 2049 quisquis
334 1997 407 2035 autem
419 1989 486 2034 suerit
496 1989 600 2048 loquutus
607 1988 686 2034 adver·
718 1985 804 2032 invenit
811 2003 862 2032 eam
873 1994 996 2040 vacantem,
1009 2003 1102 2041 versam,
1115 1997 1137 2034 et
1145 2003 1181 2034 or·

226 2051 263 2098 stis
275 2053 382 2114 Spiritum
391 2060 499 2105 sanctum,
508 2067 553 2096 non
564 2052 688 2096 remittetur
720 2057 801 2096 natam.
1136 2079 1142 2098 ,

212 2117 251 2168 -εἰ,
264 2132 336 2177 neque
346 2116 369 2161 in
381 2117 424 2162 hoe
435 2115 516 2168 seculo,
532 2130 603 2174 neque
616 2115 639 2160 in
650 2115 686 2161 fu·
752 2116 783 2160 45
798 2111 865 2159 Tune
873 2114 923 2167 abit,
933 2122 956 2160 et
963 2114 1041 2176 accipit
1050 2129 1125 2161 seeum
1133 2131 1181 2177 sep-

187 2175 190 2181 ’
225 2187 282 2226 turo.
720 2183 765 2222 tem
782 2177 837 2224 alios
852 2178 941 2240 spiritns
957 2180 1043 2240 pejores
1059 2175 1125 2239 quim
1136 2181 1182 2241 ipse

257 2248 290 2289 53
309 2245 357 2290 Aut
371 2243 437 2290 tacite
451 2244 551 2289 arborem
566 2243 653 2297 bonam,
665 2257 689 2290 et
719 2243 756 2296 sit,
776 2249 799 2289 et
816 2240 911 2304 ingressi
928 2244 1026 2290 hubitant
1041 2242 1099 2299 illic;
1115 2241 1182 2304 litque

225 2306 321 2354 fructum
338 2311 385 2370 ejus
398 2309 495 2364 bonum;
515 2315 554 2354 aut
569 2307 635 2354 facite
651 2323 687 2354 ar·
720 2306 799 2354 ultima
809 2307 906 2354 conditio
918 2308 1013 2354 bominis
1021 2308 1080 2354 illius
1088 2308 1182 2353 deterior

225 2371 301 2418 borem
316 2380 411 2434 putrem,
429 2379 452 2418 et
470 2371 566 2418 frustum
582 2374 629 2434 ejus
645 2388 687 2434 pu·
720 2371 799 2430 priore.
834 2369 871 2418 lta
881 2373 947 2417 etiam
962 2373 1003 2418 erit
1013 2371 1076 2433 genti
1088 2372 1123 2418 isti
1134 2386 1181 2418 ma-

225 2443 296 2483 trem:
319 2453 370 2483 nam
381 2453 394 2483 e
404 2437 478 2483 fructu
495 2438 560 2483 arbor
570 2438 687 2497 cognosci-
721 2435 762 2480 lae.

226 2508 268 2546 tur.
755 2502 786 2543 46
805 2497 908 2558 {Quum
920 2505 993 2543 autem
1002 2498 1183 2559 adhucloquere·

258 2569 290 2608 54
310 2564 431 2624 Progenies
440 2564 571 2624 viperarum,
578 2563 689 2622 quomodo
722 2569 758 2606 tur
769 2561 851 2614 turbae,
863 2575 921 2615 eece,
934 2569 1004 2607 mater
1014 2569 1037 2607 et
1048 2561 1126 2608 fratres
1137 2565 1183 2625 ejm

226 2628 314 2688 possitis
325 2629 383 2672 bona
393 2627 459 2686 loqui,
471 2642 539 2686 quum
555 2626 602 2672 sitis
619 2627 688 2672 mali?
720 2624 852 2671 adstiterunt
862 2625 923 2678 foris,
935 2633 1065 2685 quaerentes
1078 2627 1125 2687 ejus
1136 2627 1180 2673 cul·

227 2706 278 2736 uam
290 2705 318 2736 ex
331 2689 474 2736 redundantia
490 2690 562 2734 cordis
579 2705 604 2734 os
615 2689 687 2750 ioqui-
720 2687 826 2748 loquium.

227 2770 271 2800 rur.
753 2756 783 2798 47
805 2751 872 2798 Dixit
882 2761 955 2798 autem
971 2753 990 2798 ei
1006 2753 1102 2813 qnidam,
1115 2753 1183 2808 Ecce,

259 2822 290 2863 35
310 2817 387 2862 Bonus
406 2817 497 2862 bomoe
512 2815 570 2862 bono
586 2816 689 2862 thesauro
721 2823 791 2862 mater
802 2823 841 2862 tua
851 2824 873 2862 et
883 2816 962 2863 t'ratres
977 2818 1008 2862 tui
1025 2817 1079 2863 foris
1090 2817 1184 2872 adstant,

227 2882 298 2926 sordis
309 2881 392 2941 profert
409 2882 479 2926 bona:
501 2888 524 2926 et
540 2880 611 2926 malus
622 2881 689 2925 horno
721 2892 851 2940 quaerentes
862 2891 925 2926 tuum
936 2881 1079 2942 colloquium.

227 2959 256 2990 ex
267 2945 325 2992 malo
337 2946 440 2990 thesauro
450 2943 534 3006 prosert
545 2945 609 2991 mala.
754 2948 785 2989 48
805 2943 858 3006 Ipse
868 2942 922 2990 verd
934 2945 1069 3006 respondens
1083 2945 1139 2992 dixit
1153 2945 1184 2992 ilii

260 3013 292 3055 36
315 3009 359 3055 Sed
380 3009 430 3055 dico
452 3009 521 3061 vobis,
544 3009 690 3070 quodeunque
722 3008 759 3068 qui
773 3010 815 3056 dou
832 3009 852 3056 ei
869 3009 960 3063 dixerat,
982 3009 1047 3064 Quae
1063 3017 1098 3056 est
1113 3019 1183 3056 mater

228 3075 319 3120 verbum
336 3074 432 3119 otiosum
448 3073 533 3134 loquuti
549 3074 632 3119 fuerint
647 3074 689 3118 bo·
723 3072 787 3120 mea?
799 3073 869 3134 etqui
881 3073 1093 3121 suntfratresmei?

228 3139 304 3192 mines,
320 3139 348 3184 de
364 3155 392 3184 eo
409 3139 531 3184 reddituros
549 3139 655 3184 rationem
667 3137 690 3182 in
754 3141 786 3185 49
803 3137 835 3184 Et
845 3136 950 3200 protensi
960 3153 1027 3184 manu
1037 3136 1076 3184 suri
1086 3137 1182 3185 indiui·

228 3201 262 3248 die
269 3203 354 3263 judieii.
723 3201 786 3262 pulos
797 3217 857 3256 suos,
869 3202 930 3257 dixit,
944 3202 1005 3248 Ecce
1015 3209 1086 3248 mater
1100 3217 1150 3248 mea
1164 3216 1175 3249 a

260 3271 291 3312 57
312 3267 350 3312 Ex
360 3267 497 3312 sermonibus
505 3267 563 3312 enim
572 3266 615 3312 tuis
621 3267 689 3327 Justi·
721 3266 802 3312 iratres
812 3265 868 3313 mei!

229 3329 333 3383 beaberis,
345 3338 367 3376 et
382 3345 410 3376 ex
426 3331 563 3376 sermonibus
580 3332 623 3376 tuis
634 3345 689 3374 cou·
755 3333 787 3375 50
804 3329 912 3389 Quisquis
919 3329 979 3379 enim
988 3327 1065 3374 feeerit
1072 3327 1182 3389 quodruit

230 3394 374 3440 lumnaberis.
726 3391 793 3438 Pater
808 3392 845 3438 iile
861 3407 924 3438 meus
940 3391 977 3452 qui
992 3399 1026 3437 est
1042 3391 1065 3439 iu
1080 3392 1152 3446 coelia

261 3461 290 3501 38
313 3460 329 3517 1
339 3457 405 3503 Tunc
424 3457 583 3518 responderunt
602 3455 689 3516 quidam
723 3464 757 3501 est
768 3471 831 3501 meus
841 3455 915 3509 frater,
926 3463 949 3501 et
960 3470 1029 3509 soror,
1042 3464 1063 3503 at
1075 3465 1151 3504 mater.

231 3537 241 3567 r
252 3519 325 3566 scribis
332 3536 357 3566 ac
368 3520 498 3574 Pharisaeis,
508 3522 612 3572 dieentes,
621 3519 688 3565 Prae·

230 3591 285 3644 septi
294 3601 311 3638 r,
330 3585 424 3631 velimus
440 3600 469 3630 ex
482 3592 504 3631 te
522 3587 611 3646 signum
627 3585 687 3628 vide·
867 3580 941 3631 CAl'.
965 3582 1040 3630 Xlll.

230 3664 259 3694 re.
761 3645 828 3693 LLO
840 3644 893 3692 verd
904 3647 939 3694 die
950 3663 1053 3708 egressus
1065 3647 1132 3696 Jesus
1145 3652 1171 3696 dr

260 3716 293 3759 ³9
313 3709 364 3772 lpse
376 3708 429 3757 verd
440 3712 574 3772 respondens
586 3712 638 3756 dixit
646 3715 689 3758 eis
730 3653 754 3764 l
782 3727 825 3762 mo.
838 3711 894 3757 sedit
904 3712 962 3772 apud
973 3727 1040 3758 mare.

232 3777 295 3822 Gnns
306 3775 363 3822 mala
373 3783 396 3821 et
411 3775 533 3879 adulltprina
549 3776 637 3835 signum
654 3792 687 3820 re·
755 3779 770 3819 2
787 3775 817 3820 lit
828 3785 905 3822 eoaeta
915 3784 949 3821 est
960 3777 1046 3822 adeum
1055 3776 1119 3822 turba
1127 3776 1171 3822 mni
