2720 4312
414 411 564 464 JOANNIS
576 409 816 468 APOCALYPSIS,
840 407 874 458 11.

168 526 248 580 septen
260 516 308 564 bles
319 516 397 563 stelles
413 515 436 561 in
448 513 525 562 dextri
536 511 582 568 sui.
595 516 630 576 qui
663 515 741 574 quibus
754 513 848 576 Antipee
859 521 944 576 memyr
954 514 991 562 ille
1001 530 1065 563 meus
1074 515 1125 566 fids·

167 582 262 630 nubunt
274 582 333 628 iuter
349 588 436 643 septem
451 580 489 626 ilio
505 581 632 628 candelabre
664 579 690 624 bs
702 580 822 625 trucidatur
837 585 871 625 est
886 579 945 642 npud
960 595 1008 636 vos,
1025 581 1062 627 ubi
1079 581 1127 629 Set·

168 659 232 693 suren
243 662 250 692 t
665 659 719 689 anns
730 645 818 688 habitet.

199 713 216 755 2
242 708 304 756 Noti
326 723 395 770 opem
423 713 467 760 tun,
488 716 512 753 et
538 707 634 754 inborctn
701 711 730 751 14
748 708 791 752 Sed
803 708 871 753 babeo
882 705 999 754 edremtirn
1016 716 1039 756 te
1054 724 1128 772 peuce

170 783 238 826 tuum,
251 779 275 819 et
295 772 434 818 tolerantiam
455 779 522 824 tuarn,
539 781 563 817 et
576 769 635 830 qndd
666 767 726 831 quod
745 771 825 818 habens
843 772 892 817 istic
910 773 948 832 qui
967 781 1057 820 teneant
1076 775 1128 822 dotr-

171 853 214 883 ocu
225 835 297 898 possis
307 835 366 882 serre
377 835 462 881 maior:
482 843 505 881 et
515 833 636 896 expiordris
667 835 747 880 trinam
760 833 858 887 norom,
870 836 907 894 qui
919 837 1011 884 doccbet
1023 835 1129 886 Belncum

171 916 208 947 eos
226 900 264 960 qui
283 915 307 946 se
323 901 401 946 dicunt
414 900 526 960 apostolos
543 915 598 954 esse,
614 906 638 946 et
668 899 762 958 objicere
773 898 928 945 offendiculum
940 915 1015 946 cortun
1026 901 1076 950 filib
1094 900 1130 950 ls-

172 979 215 1012 oen
226 971 287 1020 suut,
298 963 454 1025 etconrperisti
465 979 505 1008 eos
515 979 561 1010 esre
573 979 636 1010 men·
669 961 739 1014 ruetis.
756 969 781 1008 ut
796 963 887 1008 ederent
897 977 926 1008 ex
937 963 963 1010 iis
974 980 1030 1024 quae
1041 967 1131 1016 simule·

171 1027 251 1076 m·
668 1028 712 1071 cris
723 1035 786 1072 erant
797 1027 916 1082 immonis,
933 1035 957 1074 et
969 1035 995 1075 tat
1006 1038 1130 1078 scortareo·

201 1096 218 1137 5
235 1063 268 1138 t'b
278 1107 347 1138 onere
357 1106 447 1153 pressus
457 1090 524 1139 suisti.
537 1100 559 1137 et
570 1091 636 1137 susti·
670 1097 711 1135 tur.

173 1167 226 1211 beu
242 1163 266 1202 et
283 1166 374 1218 propter
391 1170 472 1200 nomen
488 1169 561 1202 meum
576 1155 637 1201 inbo-
705 1157 733 1200 15
751 1151 860 1200 ltnhnbes
870 1154 937 1200 etiarn
948 1161 972 1202 tu
988 1156 1025 1216 qui
1043 1163 1133 1206 tenoeot

172 1217 231 1274 cisti7
243 1229 266 1266 et
277 1235 321 1265 non
332 1235 357 1265 es
368 1218 508 1280 defetigatus.
669 1217 791 1264 doctrinam
804 1218 979 1274 Nicolaiterum3
996 1220 1055 1279 quod
1067 1221 1110 1268 odi.

204 1288 221 1328 4
236 1284 281 1330 Sed
292 1284 361 1330 habeo
372 1284 463 1342 aliquid
474 1280 591 1328 edrersdm
608 1291 637 1337 te,
705 1286 733 1328 16
751 1281 881 1344 licsipiseet
905 1283 939 1328 sin
951 1281 1030 1337 mimis,
1045 1285 1131 1332 veniam

172 1345 231 1408 quod
246 1348 375 1394 charitatem
393 1354 454 1392 tunm
470 1348 563 1413 prirnom
580 1347 637 1392 omi-
670 1343 786 1391 ndvcrstim
807 1355 829 1391 te
847 1343 897 1397 citri.
920 1353 943 1392 et
961 1349 1064 1409 pugnabo
1082 1364 1132 1394 curn

175 1412 235 1458 seris.
670 1411 712 1455 iliis
723 1410 796 1470 glndio
809 1409 847 1455 ilio
858 1412 903 1456 oris
914 1411 964 1456 rnei.

205 1479 220 1522 5
238 1470 329 1521 Memor
339 1481 388 1521 esto
400 1473 473 1535 itaque
481 1475 540 1522 unde
548 1474 638 1520 excide·
705 1478 733 1520 17
752 1475 797 1528 Qni
815 1475 879 1519 babet
895 1489 977 1528 aurem,
996 1477 1069 1523 tudini
1080 1478 1132 1537 quid

175 1539 210 1593 ric,
221 1545 244 1585 et
255 1540 364 1600 resipisce,
376 1547 398 1584 et
410 1540 483 1599 priora
499 1554 566 1599 opem
583 1538 638 1584 saci-
671 1538 765 1598 Spiritus
776 1539 834 1584 dicat
845 1539 958 1595 ecclesiis;
976 1539 1005 1586 Ei
1023 1543 1060 1600 qui
1072 1541 1131 1588 vice·

174 1613 212 1649 to:
231 1604 265 1649 sin
283 1601 364 1657 mimis,
382 1603 469 1648 veniam
488 1599 605 1648 edversdtn
618 1611 640 1648 te
671 1603 704 1647 rit.
725 1605 818 1648 tribuam
837 1613 861 1648 ut
878 1605 929 1650 ednt
945 1619 973 1650 ex
992 1603 1079 1651 Mnnni
1096 1606 1133 1652 itt·

173 1664 223 1721 cini,
235 1676 257 1713 et
272 1668 367 1712 movebo
382 1667 535 1712 candelabrum
553 1675 641 1713 tuone
670 1667 804 1720 abscondito,
822 1675 845 1712 et
862 1668 918 1713 dobo
934 1669 964 1713 ilii
981 1669 1089 1714 calculum
1101 1669 1133 1716 ei·

174 1731 223 1777 ioco
234 1747 281 1784 suo,
295 1732 335 1776 nisi
348 1731 472 1791 resipueris.
669 1731 729 1783 bum,
751 1741 774 1776 et
796 1731 817 1776 in
840 1731 925 1776 cnlcuio
946 1747 1028 1777 nomen
1050 1747 1133 1780 novum

206 1800 221 1841 6
239 1795 282 1841 Sed
294 1796 335 1840 boc
347 1795 420 1848 habes,
431 1791 491 1854 qudd
502 1795 565 1840 odisti
582 1793 641 1841 secte
671 1795 784 1854 scriptum,
802 1793 862 1853 quod
878 1809 944 1840 nemo
959 1795 1022 1840 novit
1038 1797 1079 1842 nisi
1097 1799 1133 1858 qui

176 1857 344 1912 fficolnitnrum,
355 1875 412 1918 quae
423 1866 445 1904 et
456 1873 499 1920 ego
511 1859 554 1904 odi.
671 1857 757 1918 accipit.

207 1926 220 1970 7
240 1923 286 1976 Qui
307 1924 371 1968 babet
393 1937 475 1976 aurem,
497 1923 570 1968 audiat
588 1921 642 1982 quid
706 1925 735 1967 18
752 1919 843 1982 Angelo
855 1919 908 1967 verd
925 1920 1080 1982 'I'iryetirensis
1096 1939 1134 1970 ec·

175 1987 339 2048 Spiritusdicnt
353 1986 466 2032 ecclesiis:
488 1985 573 2031 Victori
585 1987 641 2031 dnbo
671 1985 750 2032 clesiee
764 1987 839 2036 scribe.
859 1983 923 2031 Haec
935 1985 987 2031 dicit
1001 1985 1069 2033 butus
1081 1987 1134 2043 us,

174 2051 239 2097 cdere
249 2065 278 2096 ex
289 2052 367 2097 arbore
383 2047 420 2096 illd
431 2051 495 2102 vitae,
507 2058 607 2110 quaeest
618 2050 641 2096 in
671 2049 708 2110 qui
725 2051 790 2096 hebet
805 2049 882 2095 oculos
899 2058 1003 2112 tanquam
1022 2049 1135 2099 flammant

176 2115 248 2160 medio
259 2115 352 2176 peradisi
367 2113 418 2161 Dei.
672 2113 737 2175 ignis,
746 2122 768 2160 et
777 2116 840 2176 cujus
847 2115 914 2176 pedes
922 2124 975 2162 sunt
985 2116 1066 2162 similes
1074 2115 1133 2166 cbel-
1213 2153 1216 2160 .

208 2183 222 2223 8
239 2178 331 2240 Angelo
348 2175 402 2224 verd
419 2178 591 2238 Smyrnaeorum
602 2193 641 2223 ec·
672 2179 788 2234 colibnn03

174 2241 254 2288 elesine
267 2243 344 2296 scribe,
357 2240 422 2288 Haec
435 2243 491 2288 dixit
507 2243 591 2303 primus
606 2242 642 2288 ille
707 2246 737 2289 19
754 2240 815 2287 Novi
827 2257 893 2302 opem
904 2249 949 2294 tua,
965 2249 988 2289 et
999 2243 1135 2300 charitatem,

175 2313 198 2352 et
209 2305 306 2359 ultimus,
318 2306 355 2366 qui
367 2305 408 2351 tuit
419 2314 525 2357 mortuus,
538 2314 561 2351 et
573 2306 641 2360 tivit3
672 2313 695 2352 et
707 2305 936 2359 subministrationem,
948 2313 971 2352 et
981 2307 1053 2360 fidem,
1065 2317 1088 2354 et
1099 2315 1135 2354 to·

208 2375 224 2418 9
241 2369 302 2415 Novi
314 2385 381 2430 opera
397 2377 441 2422 tua,
453 2377 475 2416 et
492 2369 641 2423 afflictionem,
673 2369 788 2416 lerentiam
800 2376 867 2422 tuam,
884 2377 907 2414 ct
918 2385 985 2430 opere
1001 2377 1044 2426 tun,
1062 2379 1085 2418 et
1101 2372 1134 2419 ul·

176 2441 200 2480 et
220 2441 371 2495 paupertatem
394 2434 445 2496 (ted
471 2434 533 2479 dives
554 2431 598 2491 es),
620 2441 643 2480 et
673 2435 727 2479 tima
737 2433 801 2494 plura
810 2433 925 2494 prioribus.

175 2497 331 2558 blasphemiam
353 2512 430 2543 eorum
451 2498 489 2558 qui
516 2511 541 2542 se
566 2497 643 2543 dicunt
706 2501 737 2543 90
755 2496 878 2542 Sedhabeo
889 2495 995 2544 adversus
1010 2504 1033 2544 te
1049 2514 1133 2562 peuce:

175 2558 275 2610 Judneos
285 2577 341 2614 esse,
352 2569 376 2606 et
391 2575 437 2607 non
454 2561 642 2622 suntsedsyna·
672 2559 732 2622 qudd
758 2561 867 2622 permittis
893 2562 1008 2607 mulierem
1035 2562 1136 2619 Jezabet,

177 2640 238 2687 gogo
250 2625 351 2672 Satanae.
673 2640 729 2686 quae
740 2639 764 2670 se
775 2625 827 2670 dicit
838 2626 1004 2686 prophetissam,
1020 2627 1100 2675 docere
1114 2635 1137 2676 et

210 2693 241 2736 10
258 2688 322 2734 Nihil
338 2703 416 2734 eorum
432 2695 507 2734 metue
520 2703 576 2748 quse
591 2703 642 2749 pes·
673 2690 778 2735 seducere
789 2703 865 2736 servos
881 2705 950 2744 meos,
969 2699 993 2736 ut
1004 2701 1136 2744 scortentur.

177 2767 241 2798 surus
252 2767 292 2799 es:
311 2768 370 2806 ecce,
382 2752 479 2799 futurum
491 2760 525 2798 est
537 2761 561 2798 ut
572 2753 642 2814 conji·
672 2760 696 2799 et
706 2753 773 2799 edent
783 2769 812 2801 ex
822 2755 849 2801 iis
860 2769 915 2816 quae
926 2755 1049 2804 simulacris
1056 2757 1136 2804 immo·

177 2817 220 2862 ciat
236 2815 335 2862 diabolus
346 2817 430 2876 sliquos
441 2831 470 2862 ex
482 2818 545 2862 vobis
554 2816 576 2861 in
593 2831 642 2862 cer·
673 2817 753 2864 lentur.

177 2895 257 2934 cerem,
275 2887 300 2926 ut
316 2880 477 2941 expiorcmini:
496 2887 520 2925 et
538 2880 643 2926 habebitis
706 2885 735 2926 21
755 2879 788 2927 Et
798 2881 848 2928 dedi
859 2883 890 2927 1111
901 2889 995 2943 tempus,
1012 2890 1038 2930 ut
1048 2885 1135 2946 resipis-

178 2944 318 2990 efflictiouem
331 2945 415 2990 dierum
426 2944 519 2990 decemo
533 2951 582 2988 esto
589 2942 643 2989 lide·
673 2953 734 2990 ceret
743 2959 758 2990 e
765 2946 900 2990 scortatione
908 2945 960 2992 sui:
980 2947 1020 2992 sed
1027 2962 1072 2993 oon
1082 2949 1136 2994 resi·

179 3008 471 3069 transmarine-stema
486 3007 642 3054 dobotibico-
673 3009 728 3070 puit.

178 3085 255 3118 ronam
268 3073 333 3118 ritae.
707 3075 738 3117 22
755 3070 823 3125 Ecce,
835 3086 879 3132 ego
890 3070 988 3132 abjiciam
999 3087 1047 3119 cem
1060 3073 1082 3120 in
1091 3074 1136 3120 lec-

212 3140 238 3181 ll
260 3135 306 3190 Qui
324 3135 390 3182 natet
404 3149 488 3189 eurem,
503 3135 577 3180 studiat
591 3134 644 3194 quid
675 3142 737 3191 tum3
759 3135 1136 3196 eteosquinduiteriumcommit·

180 3199 276 3260 Spiritus
291 3200 350 3246 dicet
365 3199 478 3255 ecclesiist
497 3198 542 3252 Qui
559 3199 644 3254 vicerit,
674 3207 726 3246 tunt
744 3213 795 3246 cum
814 3196 847 3254 ed,
867 3200 889 3244 in
907 3199 1048 3247 afflictionem
1067 3202 1137 3248 mexi-

180 3277 318 3324 ttequsqunm
329 3263 428 3309 laedetur
436 3277 450 3308 e
458 3270 530 3308 morte
541 3261 644 3310 secundi.
674 3279 741 3316 mem,
753 3263 794 3309 nisi
807 3263 935 3324 resipuerint
943 3263 1077 3323 eboperibus
1086 3267 1138 3312 suin.

214 3332 243 3374 12
260 3326 353 3388 Angem
367 3323 421 3372 verri
433 3325 590 3386 Pergamensir
606 3341 643 3372 ee·
709 3331 740 3372 23
756 3326 789 3373 Et
797 3326 854 3373 filios
862 3329 909 3388 ejus
917 3326 1046 3374 interficiam
1055 3339 1138 3375 morte:

179 3391 256 3439 tlesr'ee
275 3391 352 3446 scribe,
372 3389 438 3436 Haec
455 3390 508 3436 dicit
524 3390 561 3450 qui
580 3390 646 3436 habet
677 3391 790 3451 scientque
811 3406 888 3436 omnes
907 3390 1013 3436 ecclesiae
1031 3405 1068 3438 me
1089 3405 1139 3440 estc

194 3454 350 3501 iadinmiiium
367 3454 490 3516 mcipitem,
509 3461 598 3499 acutum
619 3454 645 3498 il-
676 3461 821 3500 scrutatorem
840 3469 916 3500 renum
934 3461 957 3500 et
976 3455 1091 3502 cordium:
1115 3463 1139 3504 et

180 3469 237 3565 gro:
676 3519 732 3564 dabo
754 3519 871 3578 unicuique
892 3519 990 3564 vestriim
1018 3515 1140 3568 seeuodbn

213 3587 241 3625 ru
259 3579 320 3627 Noe
337 3587 489 3639 speratueet
504 3581 540 3626 nbi
556 3579 646 3636 habites,
676 3597 744 3642 opem
754 3590 834 3628 vestre.

182 3661 258 3704 canipe
278 3646 312 3690 ub‘
332 3646 426 3692 thronus
439 3651 474 3691 est
491 3645 599 3701 Satanan
623 3651 648 3690 et
710 3649 741 3690 24
758 3644 829 3690 Vobis
846 3652 919 3691 nutem
938 3645 993 3698 dico.
1011 3654 1034 3692 et
1052 3646 1140 3710 redqrdu

181 3711 238 3770 puori
251 3720 328 3756 terrm
336 3721 419 3755 nomen
429 3723 511 3762 meum,
523 3723 594 3767 nepue
605 3723 646 3754 ne·
676 3707 867 3769 'i'hyntirensibus
884 3717 1008 3772 quicunque
1019 3726 1064 3758 nou
1076 3721 1139 3761 teno-

180 3769 237 3832 eksd
259 3771 325 3820 tneo
347 3785 427 3826 mesni,
443 3773 510 3820 etiem
527 3772 554 3818 iis
569 3771 646 3819 ‹betm
678 3773 835 3820 tiedoctrinarn
847 3774 910 3829 hanc,
921 3775 990 3837 etqui
1003 3791 1139 3840 nunqn-
