2734 4314
549 417 665 473 Lucu
689 418 763 464 Vlll.

181 515 259 566 tutent,
282 513 321 573 qui
343 513 370 558 ed
389 522 477 574 ternpus
499 512 601 567 credunt,
623 519 647 560 et
676 513 767 560 vestre?
787 514 902 562 Timentes
914 523 987 562 nutem
999 515 1071 562 mirati
1083 523 1139 572 stunt¹

180 582 273 636 ternpore
284 577 416 622 tentationis
427 576 557 622 abscedunt.
676 577 774 624 dicentes
793 579 828 625 alii
847 580 875 626 ud
892 581 953 634 sios,
975 579 1085 634 Quisnam
1101 580 1141 627 ide

208 643 237 684 14
254 639 327 694 Quod
339 648 412 686 autem
427 641 450 684 in
468 641 544 700 spinas
560 639 644 694 cecidit,
676 649 717 694 est,
736 649 760 687 ut
771 643 843 689 ventis
853 659 941 704 quoque
952 651 976 690 et
986 659 1055 704 equae
1071 644 1143 706 impe-

178 703 191 746 ii
201 711 251 749 sunt
261 705 300 764 qri
313 705 448 757 audierunt3
466 704 507 748 sed
523 703 616 764 profecti
632 719 646 751 s
676 713 716 758 ret,
729 713 751 752 et
762 707 886 752 auscultent
897 707 935 752 ei?

179 767 351 813 solicitudinibus
368 775 390 813 et
407 767 489 814 divitiis
506 783 533 812 ac
544 768 645 828 volupte-
710 773 741 816 26
758 773 773 829 ἵ
788 771 818 816 Et
838 769 971 832 navigiirunt
988 770 1010 817 in
1029 771 1142 831 regionem

178 831 231 876 tibus
250 833 311 878 vitae
333 831 476 885 suffocantur,
499 846 541 876 nec
562 830 646 877 fruetus
679 833 854 886 Gudurenorum‚
873 851 930 894 quae
949 843 983 880 est
1002 835 1024 880 iu
1043 833 1143 896 opposiul

178 895 298 954 proferunt.
677 895 724 957 ripis
738 897 857 944 Galilaeae.

210 962 238 1004 15
256 959 329 1012 Quod
342 966 416 1005 autern
428 958 451 1003 in
467 958 549 1004 bonam
566 965 646 1004 terrum
711 964 740 1006 27
761 959 805 1021 Ipsi
822 969 895 1008 autem
910 977 1003 1022 egresso
1020 961 1042 1008 in
1056 969 1144 1016 terrum,

179 1025 264 1078 cecidit,
282 1025 297 1069 ii
310 1031 364 1069 sunt
375 1023 412 1082 qui
429 1023 453 1068 in
470 1022 537 1068 corde
553 1023 647 1068 honesto
678 1026 775 1070 occurrit
785 1039 814 1069 ex
829 1026 881 1070 urbe
897 1025 931 1070 vir
947 1026 1035 1084 quidum
1051 1026 1088 1085 qui
1105 1027 1145 1072 lm·

180 1099 202 1131 se
213 1087 271 1133 bono
282 1089 385 1133 nuditum
402 1101 530 1132 sermonem
546 1087 647 1140 retinent,
678 1089 743 1134 bebat
754 1087 870 1134 daemonia
883 1103 897 1133 e
912 1088 1047 1148 temporibus
1063 1089 1143 1134 multis

180 1157 200 1194 ct
210 1149 309 1197 fructum
321 1151 425 1198 adferunt
434 1166 476 1210 per
486 1149 633 1196 tolerantium.
680 1159 703 1196 et
714 1152 847 1196 vestimento
859 1165 904 1196 non
921 1151 1056 1206 induebatur,
1074 1168 1144 1213 neque

212 1218 241 1260 16
259 1215 339 1262 Nemo
349 1212 416 1276 porrd
427 1215 465 1274 qui
481 1214 594 1260 lucernum
610 1229 648 1260 ec·
680 1215 703 1260 in
715 1212 763 1261 ullci
775 1215 842 1261 domo
853 1216 962 1270 manebat,
979 1215 1017 1261 sed
1029 1215 1052 1260 in
1063 1229 1143 1262 mouu-

182 1279 284 1333 cenderit,
297 1280 370 1340 operit
381 1293 431 1324 eam
442 1293 502 1332 vase,
520 1284 558 1323 aut
576 1279 650 1324 subter
680 1279 769 1325 mentis.

184 1337 260 1388 tetum
276 1343 357 1404 ponit;
376 1343 415 1388 sed
430 1341 561 1387 candelabro
577 1342 649 1402 impo-
714 1345 744 1388 28
762 1345 787 1390 Is
797 1359 859 1405 ergo,
878 1359 945 1404 quum
957 1343 1048 1389 vidisset
1058 1341 1137 1392 Jesum

182 1404 218 1458 uit
235 1415 261 1452 ut
277 1408 315 1468 qui
334 1407 489 1468 ingrediuntur
505 1405 593 1451 videant
614 1406 650 1450 lu·
680 1415 703 1452 et
722 1406 872 1463 exclamasset,
892 1409 971 1454 eccidit
987 1409 1007 1454 ei
1024 1409 1056 1453 ad
1069 1410 1138 1467 pedes

184 1483 240 1515 men.
680 1478 703 1516 et
714 1487 769 1517 voce
785 1469 866 1533 magud
883 1473 944 1526 dixit,
963 1472 1024 1525 Quid
1041 1473 1093 1518 mihi
1111 1481 1144 1518 te·
1187 1480 1190 1488 ’

216 1536 244 1581 17
262 1533 649 1594 Nonestenimqnicqunmoccul·
681 1550 738 1588 cum,
756 1534 817 1589 Jesu,
835 1535 877 1581 lili
890 1536 936 1582 Dei
947 1535 1066 1582 altissimi?
1089 1552 1145 1598 rogo

183 1602 228 1641 turn
244 1599 306 1658 quod
323 1614 369 1645 non
385 1598 415 1644 sit
430 1597 530 1642 futurum
544 1597 648 1643 menites·
681 1606 709 1653 te,
721 1615 749 1645 ne
760 1615 795 1644 me
806 1610 915 1659 torqueas.

185 1666 246 1717 tum;
268 1678 311 1709 nec
323 1661 483 1714 absconditum,
495 1661 553 1720 quod
565 1677 609 1706 non
622 1661 650 1706 sit
713 1667 744 1710 29
762 1663 925 1726 (Praecipiebat
935 1665 1001 1710 enims
1011 1664 1042 1709 illi
1059 1665 1143 1724 spiritur

185 1721 280 1772 loturum
293 1733 319 1772 ut
330 1733 486 1788 cognoscatur,
503 1734 526 1770 et
537 1726 610 1771 veniat
626 1725 649 1770 in
680 1727 773 1787 impuro,
783 1736 808 1773 ut
816 1729 886 1772 exiret
897 1729 923 1773 sb
934 1744 961 1773 eo
972 1728 1076 1783 bomine;
1093 1743 1143 1774 nem

185 1797 290 1848 opertum.
680 1791 780 1836 umulto
799 1801 898 1850 tempore
919 1791 1055 1850 corripuerat
1075 1807 1143 1836 eum:

218 1857 246 1898 18
263 1853 346 1900 Videte
356 1869 411 1914 ergo
423 1852 535 1913 quomodo
546 1852 648 1898 audiatis:
681 1853 754 1913 itaque
769 1854 857 1898 rinctus
873 1855 911 1899 itte
927 1854 1010 1898 catenis
1026 1861 1049 1898 et
1065 1855 1143 1913 pedicis

186 1916 281 1978 quisquis
298 1918 358 1963 enim
375 1918 447 1970 babet,
466 1917 551 1962 dubitur
567 1917 605 1972 ei;
627 1923 650 1962 et
681 1918 857 1972 custodiebatur;
883 1916 922 1962 sed
943 1917 1035 1976 diruptis
1055 1918 1142 1962 vinculir

186 1980 310 2042 quicunque
320 1997 365 2026 non
376 1981 448 2034 habet,
465 1981 531 2026 etiam
544 1981 604 2040 quod
615 1981 648 2025 vi·
680 1981 804 2042 agitabatur
814 1995 828 2027 a
838 1981 945 2027 doemone
956 1981 979 2026 in
990 1977 1095 2039 deserti.)

187 2041 247 2090 detur
257 2047 338 2092 babere
348 2043 439 2090 tolletur
450 2045 477 2090 ab
488 2059 522 2090 eo.
713 2049 745 2090 30
763 2044 914 2106 Interrogavit
925 2052 998 2091 autem
1010 2061 1060 2090 eum
1072 2045 1138 2092 lesus

219 2113 247 2156 19
263 2109 592 2170 {Veneruntautemedeum
601 2123 649 2154 ms·
681 2109 762 2164 dicens,
782 2109 851 2163 Quod
868 2110 906 2156 tibi
924 2125 1005 2156 nomen
1017 2109 1069 2156 est?
1095 2109 1143 2170 lpse

187 2179 257 2220 teret
274 2173 353 2220 fratres
370 2173 425 2233 ejus,
444 2178 468 2218 et
486 2187 531 2217 non
548 2179 650 2232 potermt
680 2171 734 2218 verd
753 2175 815 2227 dixit,
834 2173 923 2235 Legio:
956 2189 1008 2220 nam
1031 2175 1143 2220 duemouiu

189 2249 234 2281 eum
245 2237 366 2283 convenire
376 2241 468 2297 propter
479 2236 571 2280 turbam.
681 2237 752 2282 mults
761 2237 862 2297 ingressa
872 2243 935 2283 erant
945 2238 968 2282 in
979 2253 1037 2282 eum.

218 2305 248 2348 20
265 2301 299 2347 Et
309 2300 467 2346 annunciatum
480 2305 514 2344 est
530 2299 556 2354 ei,
574 2299 637 2344 dicen
713 2303 742 2345 31
762 2300 795 2345 Et
803 2301 911 2360 rogabant
919 2315 976 2353 eum,
988 2316 1016 2346 ne
1028 2302 1143 2361 imperaror

188 2363 241 2412 tibus
258 2365 382 2418 annuntiet,
403 2363 481 2409 Mater
502 2369 541 2409 tue
561 2371 584 2409 et
604 2361 650 2408 lra-
682 2364 721 2410 sibi
733 2369 758 2408 ut
769 2362 853 2408 abirent
862 2363 886 2408 in
897 2364 1008 2422 abyssum.

189 2436 229 2475 tres
240 2429 272 2475 tui
284 2429 371 2474 adstent
381 2426 443 2480 soris,
458 2427 571 2488 cupientes
582 2433 604 2473 te
615 2427 649 2472 vi·
713 2431 745 2472 32
763 2426 819 2472 Erat
830 2433 904 2472 autem
915 2427 943 2472 ibi
958 2441 1015 2487 grex
1028 2442 1143 2486 porcorum

188 2492 244 2539 tere.
681 2491 802 2538 multorum
813 2490 950 2552 pascentium
967 2491 990 2536 in
1007 2499 1098 2536 monte:
1124 2505 1142 2537 et

217 2561 246 2602 21
268 2555 318 2618 lpse
329 2552 382 2602 verd
392 2554 527 2615 respondeus
539 2556 594 2600 dixit
610 2555 649 2608 eis,
681 2556 790 2616 rogabunt
800 2570 851 2600 eum
862 2555 989 2609 damonia,
1007 2562 1032 2600 ut
1043 2555 1082 2600 sibi
1094 2571 1133 2616 per
1211 2571 1215 2579 ’

190 2618 263 2668 Mater
273 2635 323 2668 mea
333 2629 355 2665 et
365 2619 446 2665 fratres
458 2619 507 2672 mei,
524 2619 538 2664 ii
551 2627 602 2664 sunt
613 2619 650 2678 qui
681 2620 778 2666 mitteret
789 2619 811 2664 in
823 2619 872 2666 illos
880 2619 973 2682 ingredi.
1007 2619 1039 2666 Et
1047 2621 1141 2682 permisit

188 2699 310 2730 sennonem
320 2683 366 2730 Dei
375 2683 474 2736 audiunt,
489 2690 513 2728 et
523 2698 574 2728 eum
585 2699 649 2743 prae·
681 2683 720 2730 eis.
802 2695 804 2700 '

187 2756 252 2796 stant.
712 2751 745 2793 55
762 2747 860 2809 Egressa
871 2756 944 2795 autem
956 2749 1071 2796 daemonia
1081 2764 1110 2794 ex
1118 2764 1142 2794 er.

217 2817 249 2858 22
266 2811 389 2872 ffFuctum
408 2818 443 2856 est
462 2819 535 2856 autem
554 2811 649 2870 quodam
681 2811 881 2874 bomineingressa
897 2814 986 2859 suntin
1003 2829 1098 2875 porcos:
1123 2825 1143 2858 et

187 2877 226 2930 die,
239 2883 263 2922 ut
274 2877 320 2936 ipse
330 2875 484 2937 ingrederetur
494 2875 518 2920 in
529 2875 649 2936 navigium,
681 2891 737 2936 grex
747 2875 783 2922 ille
797 2877 840 2922 ruit
856 2893 869 2922 e
885 2877 1010 2938 praecipitio
1027 2878 1050 2922 in
1066 2876 1138 2922 lacum

187 2955 210 2986 ac
233 2939 331 3001 discipuli
354 2940 418 3000 ejus:
453 2945 477 2984 et
503 2939 585 2985 diceret
611 2938 650 2991 eis,
681 2939 885 2986 etsuffocatusest.

187 2997 370 3050 Transeamus'in
387 3001 514 3048 ulteriorem
531 3003 600 3064 ripam
616 3002 649 3048 la·
713 3007 746 3048 54
763 3002 840 3056 Quum
849 3009 922 3048 sutem
931 3013 1030 3062 pastores
1039 3002 1142 3046 vidissent

187 3069 232 3114 eds.
267 3067 435 3114 Provectisunt
449 3066 523 3126 igitur.
682 3066 742 3126 quod
763 3065 845 3110 laetum
866 3064 944 3117 luerat,
971 3064 1092 3123 fugerunt3
1124 3072 1143 3110 et

217 3137 249 3178 23
266 3129 431 3192 Navigantibus
443 3138 516 3176 autem
527 3130 652 3190 eissopitus
682 3127 775 3190 profecti
786 3125 981 3172 annuncidruntin
994 3127 1069 3171 urbem
1084 3133 1107 3170 et
1123 3127 1144 3173 in

185 3209 235 3242 ests
259 3193 406 3241 etdescendit
421 3195 485 3240 turbo
502 3195 562 3240 venti
579 3195 602 3238 in
619 3193 651 3238 la·
683 3207 757 3254 egros.
913 3231 915 3236 .

186 3276 253 3315 eum3
275 3268 298 3305 et
314 3256 487 3322 complebantur,
505 3274 529 3303 sc
543 3257 651 3320 periclito·
715 3258 747 3302 35
764 3253 876 3300 Exierunt
897 3252 972 3315 igitur,
1001 3260 1025 3298 ut
1047 3253 1142 3304 viderem

186 3331 265 3371 buntur
698 3320 742 3366 uod
761 3319 844 3364 lectum
863 3325 925 3365 erat:
951 3325 1102 3377 veneruntque
1119 3320 1144 3365 nd

217 3391 246 3434 24
266 3385 406 3433 Accedentes
427 3392 500 3431 summ
522 3387 651 3446 expergete·
682 3336 768 3438 desum,
780 3391 803 3429 et
813 3383 947 3428 invenerunt
956 3382 1069 3427 hominem
1077 3381 1146 3438 illum,

185 3461 263 3496 cerunt
276 3465 333 3502 eum,
346 3450 450 3504 dicentes,
468 3450 586 3510 Magister,
604 3465 651 3494 mn·
683 3463 753 3509 aquo
769 3446 886 3493 daemonia
906 3446 1012 3499 exierant,
1035 3447 1145 3502 vestitum,

187 3513 377 3574 gister,perimus.
411 3511 464 3576 Ipse
471 3511 651 3572 verdexperree·
684 3525 786 3559 rosanae
800 3511 888 3567 mentis,
909 3509 1021 3557 sedentem
1037 3509 1063 3556 nd
1081 3512 1146 3572 pedes

187 3587 222 3624 tus
233 3576 360 3640 objurgrvit
374 3585 465 3624 ventum
482 3593 507 3622 ac
525 3577 650 3622 fluctuatio·
683 3575 754 3622 lesu:
773 3582 796 3620 et
807 3574 934 3621 timuemnt.

189 3655 332 3702 nemoquae:
352 3647 534 3694 etcessaverunt,
552 3640 652 3697 lactante
715 3645 746 3685 36
769 3637 966 3686 Annunciaverunl
994 3645 1067 3686 autem
1095 3639 1144 3698 ipsis

188 3721 219 3752 »st
230 3704 379 3764 tranquillitas
683 3704 749 3750 etism
766 3701 781 3746 ii
798 3701 834 3760 qui
850 3705 954 3755 viderant„
971 3703 1081 3764 quomodo
1093 3703 1134 3748 iiie

217 3774 249 3818 25
269 3767 336 3816 Dixit
348 3777 420 3814 antem
432 3768 470 3819 eis.
489 3767 533 3814 Ubi
551 3780 584 3812 est
600 3765 652 3811 lidcs
685 3777 743 3813 retus
754 3766 832 3812 fuisset
843 3770 879 3830 qui
891 3768 962 3814 suerat
973 3768 1126 3814 daemoniacus
