2720 4312
445 425 570 477 JAcost
587 423 763 483 mussona,
785 425 822 476 11.

147 545 205 580 stone
216 532 264 580 sul:
283 533 392 594 quoniam
405 532 476 580 seluti
487 531 529 578 flos
539 532 619 580 nerto
650 531 731 579 lectam
741 531 800 580 illam
811 531 885 594 lqern
896 531 1008 588 lilertstis,
1025 541 1047 580 et
1064 549 1107 596 pes-

148 597 280 658 praeteribit.
651 597 792 642 manseritis
803 612 838 650 rs,
854 597 906 657 quis
918 613 964 644 non
975 597 1041 644 luerit
1051 599 1112 645 audi·

182 664 207 707 11
226 660 296 714 Nam,
314 668 341 707 ut
353 668 450 706 exortus
467 668 501 706 est
518 659 619 706 solcum
651 667 688 706 tor
705 661 831 714 obliviosus,
850 661 889 707 sed
907 669 970 708 aetor
988 663 1067 723 operis
1089 664 1114 718 is.

151 732 215 778 testu.
234 725 327 771 areseoit
340 725 443 778 herbern,
462 731 486 769 et
504 723 546 770 llos
563 723 621 771 illius
651 726 754 784 inquom,
765 725 850 771 beatior
860 725 903 771 erit
912 725 935 772 in
946 741 1013 788 opere
1024 742 1072 773 suo.

153 789 235 842 decidit,
249 788 412 850 etspeotsbilis
423 788 619 850 dosoripsiuspe·
684 793 716 834 26
733 789 807 850 Siquis
826 789 913 836 videtur
932 789 1048 852 religiosus
1067 805 1117 838 esse

154 852 202 898 riits
220 853 253 900 ita
262 859 287 899 et
297 853 362 898 dives
372 853 396 898 in
409 853 451 898 siis
462 852 510 898 suis
522 867 619 899 mutes
652 852 709 898 inter
717 867 765 906 sos,
774 867 820 899 noa
828 851 930 899 sraeaam
938 853 1037 915 lingusrn
1044 871 1114 910 susm.

154 925 193 962 set
652 916 690 962 sed
702 930 766 962 suum
779 916 847 978 ipsius
862 931 902 963 cor
917 917 1031 972 seducens,
1049 920 1114 981 buJus

186 982 216 1025 12
232 977 320 1026 Beatus
329 987 361 1026 cst
373 977 451 1040 eisqui
460 979 539 1026 tolerat
547 985 619 1026 unu-
653 995 710 1027 vana
720 987 754 1026 est
765 979 850 1042 religio.

156 1042 253 1090 &omns
285 1043 393 1104 quoniam
421 1057 489 1103 quum
517 1045 621 1105 probatus
686 1047 715 1090 27
734 1042 824 1106 Religio
834 1058 890 1105 pure
904 1050 928 1090 et
944 1043 1114 1093 incontaminata

156 1104 220 1154 tuerit
239 1113 376 1168 compertus,
401 1107 495 1168 accipiet
515 1121 620 1154 coronam
652 1107 711 1168 apud
723 1106 799 1153 Deum
809 1115 833 1153 et
845 1106 942 1158 Patrem.
953 1107 1007 1154 haee
1018 1115 1058 1161 est,
1075 1104 1113 1155 ln·

158 1169 220 1224 rltse,
236 1185 304 1230 quarn
320 1170 424 1232 promisit
436 1169 549 1218 Dominus
565 1167 622 1218 iisi
653 1171 725 1217 sisere
735 1171 845 1232 orphanos
855 1177 879 1217 et
894 1170 972 1216 riduss
987 1171 1010 1216 iu
1026 1171 1111 1220 sunu·

157 1234 291 1295 quibusipse
302 1235 409 1295 diligitur.
653 1250 696 1281 one
717 1234 822 1296 ipsorum,
843 1242 865 1280 et
884 1233 1048 1282 immuoshtum
1068 1250 1114 1284 sess

189 1301 219 1343 13
236 1298 319 1352 Nemo,
339 1313 408 1358 quum
430 1303 535 1352 tentatur,
556 1297 621 1354 dicat,
653 1297 867 1344 servaresmundo.

157 1360 180 1408 A
199 1361 252 1408 Deo
271 1368 361 1408 tenmrr
386 1377 438 1409 nam
458 1361 523 1408 Deus
542 1362 622 1409 teutmi

157 1425 220 1471 malis
241 1441 287 1472 non
313 1432 393 1487 potest,
420 1440 462 1472 neo
487 1441 621 1488 quemquam
889 1457 895 1471 .

158 1495 234 1536 tentat
711 1485 847 1536 natissa
857 1489 908 1544 mei,
919 1503 948 1537 oe
956 1503 1004 1536 rura
1016 1499 1115 1554 resqeetu

191 1557 220 1598 14
237 1553 285 1600 Sed
294 1567 445 1617 unusqusique
452 1559 556 1607 mistus,
568 1553 621 1600 dunt
719 1567 863 1614 personarum
871 1553 947 1602 babete
957 1553 1022 1600 tidem
1031 1553 1115 1602 Domi·

157 1611 268 1678 lpropriri
279 1617 397 1679 cupiditate
405 1618 543 1671 ebstnbitur,
554 1628 578 1663 et
586 1617 621 1664 in·
652 1616 676 1664 ni
687 1617 756 1664 noun
767 1616 823 1665 Jesu
836 1615 920 1666 Christi
931 1617 1030 1680 gloriosi.
1076 1626 1078 1635 ¹

157 1692 250 1728 matun
685 1684 701 1726 2
719 1679 779 1728 Nam
790 1681 858 1743 siquis
873 1683 895 1728 in
911 1689 1001 1728 coetum
1017 1689 1115 1728 vestrum

192 1748 220 1791 15
238 1743 329 1790 Deinde
347 1744 459 1806 cupiditas,
479 1752 621 1806 posteaquam
653 1743 794 1806 ingrediatur,
806 1759 897 1790 aureum
908 1751 999 1806 pestana
1009 1745 1114 1804 annulum

158 1809 264 1869 concepit,
281 1809 338 1870 parit
353 1817 483 1872 peceatum:
507 1819 621 1870 pecatum
654 1817 716 1854 reste
724 1805 849 1868 splendidri3
866 1807 1000 1868 ingrediatur
1011 1815 1115 1854 tutemet

157 1869 212 1918 serti
222 1879 335 1934 peractum
346 1873 420 1934 gignit
431 1883 533 1920 mortem.
653 1886 736 1934 pauper
746 1885 797 1917 cum
808 1869 896 1916 sordidi
906 1879 983 1926 seste;

192 1940 222 1983 16
239 1936 277 1983 Ne
287 1947 365 1990 errate,
376 1936 455 1982 iratres
465 1937 508 1983 mei
519 1935 600 1982 ddeoti
685 1939 702 1980 ³
718 1934 751 1981 Et
763 1934 902 1996 respexeritla
912 1935 940 1981 ad
950 1949 1001 1980 eum
1012 1934 1049 1995 qui
1064 1949 1115 1981 ses·

193 2003 221 2047 17
238 2000 319 2047 Omnis
330 2001 420 2046 donatio
435 2000 499 2054 bona,
516 2008 539 2047 et
554 2015 622 2046 omne
653 2005 698 2044 tem
709 2007 782 2060 gestat
793 1997 935 2062 splendidam.
946 2006 969 2045 et
979 1997 1078 2045 dixeritis
1088 2000 1115 2054 el,

159 2064 280 2125 perlectum
299 2063 390 2118 donum,
409 2070 443 2110 est
460 2060 562 2125 superni,
581 2064 621 2110 de·
653 2061 690 2109 Tu
705 2063 757 2110 sede
772 2063 808 2110 nte
826 2059 934 2124 pulchrd3
956 2063 1046 2125 pauperi
1062 2061 1116 2111 serti

158 2129 266 2176 scendens
287 2125 301 2174 l
328 2127 396 2174 Patre
422 2128 536 2182 luminum,
563 2128 622 2189 apud
653 2126 735 2178 &aaut
747 2126 783 2173 Tu
795 2135 830 2174 sta
840 2127 890 2182 illie,
906 2134 945 2175 aut
955 2129 1006 2175 sede
1017 2128 1052 2175 blo
1063 2129 1115 2174 sub-

159 2207 224 2251 quem
233 2208 278 2238 aon
287 2193 344 2238 inest
352 2193 512 2245 transmutatio,
521 2200 559 2238 aut
566 2207 620 2237 oon·
653 2197 688 2237 ter
698 2191 815 2237 scutellum
826 2207 916 2239 meumt

158 2257 266 2302 versionis
279 2255 424 2302 obumbratio.
685 2260 702 2300 4
718 2255 802 2301 Nonne
812 2256 929 2301 ‹liserimen
945 2253 1042 2302 feceritis
1057 2255 1114 2317 apud

192 2324 222 2367 ts
239 2323 264 2368 Is
283 2320 334 2381 quia
347 2320 426 2373 soluit,
445 2319 564 2381 progenuit
580 2334 621 2366 uos
653 2333 701 2372 vos,
717 2327 740 2364 et
756 2318 808 2365 facti
823 2319 908 2365 fueritis
914 2320 1001 2381 Judiees
1012 2317 1115 2380 perversi

159 2399 261 2431 annone
278 2384 382 2439 veritatis,
399 2391 424 2430 ut
434 2399 533 2430 essemus
544 2383 620 2445 primi·
653 2381 816 2429 deliberantes?

159 2449 201 2494 tiae
212 2448 317 2508 quaedum
329 2463 419 2494 suarum
432 2454 588 2494 ereaturarum.
685 2450 701 2494 5
718 2447 807 2500 Audite,
812 2445 1024 2498 iratresmeidilesti
1032 2445 1115 2495 Nonne

193 2515 223 2560 19
240 2510 325 2572 Itaque,
342 2512 421 2559 fratres
436 2511 480 2558 mai
496 2511 575 2565 dilecti,
593 2511 622 2558 sit
654 2509 719 2556 Deus
737 2509 805 2571 elegit
823 2523 929 2571 pauperes
948 2509 1023 2555 mundi
1043 2511 1113 2573 liujus

158 2576 231 2623 omnis
251 2577 318 2622 bomo
340 2577 407 2623 velox
427 2576 456 2622 sd
481 2575 621 2631 audiendum,
653 2582 679 2621 ut
692 2575 781 2638 fimetis
802 2571 881 2620 divites
902 2572 951 2628 lide,
971 2582 994 2620 et
1012 2575 1115 2622 haeredes

158 2640 233 2686 tardus
243 2640 420 2702 udloqnendum,
431 2639 506 2686 tardus
514 2639 621 2696 adiram;
653 2639 716 2700 regni
727 2638 786 2698 quod
797 2638 899 2700 promisit
909 2639 935 2684 iis
944 2638 983 2699 qui
994 2638 1066 2700 ipsum
1081 2641 1112 2685 di·

191 2708 223 2749 20
239 2703 298 2750 Nsrn
309 2706 343 2751 ira
353 2704 509 2766 virijustitiam
522 2702 567 2750 Dei
575 2718 622 2750 non
652 2702 743 2764 ligant?

159 2769 290 2830 exsequitur.
685 2771 701 2814 6
717 2767 751 2814 At
761 2782 802 2814 ros
810 2763 1126 2828 contumeliiaffeeistispsu·=

191 2837 219 2879 21
244 2833 391 2894 Quapropter,
413 2831 502 2894 abjectis
520 2831 622 2878 omnibus
653 2847 735 2892 perem.
769 2831 854 2878 Nonne
870 2833 949 2878 divites
966 2847 1005 2892 per
1015 2831 1115 2891 tyranni·

161 2898 258 2944 sordibus
268 2905 291 2942 et
301 2903 444 2944 excremento
454 2896 556 2949 malitiae,
569 2910 621 2941 cum
653 2895 703 2940 dem
720 2896 847 2956 opprimunt
864 2909 911 2949 vos,
927 2902 951 2940 et
969 2895 1058 2940 trabunt
1077 2907 1115 2938 vos

161 2961 248 3008 lenitate
259 2961 349 3021 recipite
365 2960 479 3006 insititium
495 2959 557 3005 illum
574 2975 621 3005 ser·
654 2959 681 3005 ad
693 2957 826 3004 tribunalia?

161 3025 254 3080 trionem,
275 3025 313 3086 qui
335 3031 408 3086 potest
429 3039 518 3070 serrare
538 3023 622 3070 animas
686 3025 700 3070 7
718 3021 802 3067 Nonne
814 3018 966 3078 blasphemant
980 3016 1115 3077 praeclarum

161 3097 250 3136 vestras.
283 3122 287 3132 r
653 3086 707 3132 illud
719 3097 806 3136 nomen,
817 3077 1115 3141 iquoestisooguomtnsti?

192 3157 222 3198 22
239 3153 321 3199 Estote
331 3149 385 3198 veni
395 3160 481 3198 actores
497 3150 621 3207 sermonisq
686 3154 701 3194 8
719 3143 786 3201 Qudd
797 3145 815 3191 si
826 3145 899 3204 legem
911 3143 1116 3217 regismpraestetis

162 3229 201 3262 neo
211 3224 282 3264 estote
292 3216 403 3262 auditores
418 3213 497 3270 saltim,
514 3211 569 3262 laissi
586 3230 621 3261 ra·
653 3209 775 3260 seeundtlm
786 3210 922 3270 scripturam,
940 3205 1029 3266 Diliges
1040 3207 1114 3280 proxi·

162 3280 285 3326 tiooinando
296 3279 396 3326 fallentes
407 3279 560 3340 vosmetipsos.
654 3291 715 3323 mum
727 3282 791 3320 tuum
803 3280 828 3319 ut
838 3271 939 3332 teipsum,
950 3269 1091 3317 benefacrtist

193 3348 223 3390 23
240 3343 301 3390 Nam
313 3343 380 3404 siquis
388 3343 449 3390 audit
457 3357 588 3396 sennonem,
600 3348 623 3388 et
687 3339 759 3388 asin
783 3332 837 3384 versi
862 3348 978 3397 personam
1003 3334 1116 3394 respicitis.

163 3421 211 3454 urm
222 3421 267 3453 non
279 3415 381 3466 praestat,
398 3408 417 3452 is
431 3407 508 3453 similis
524 3415 558 3453 est
574 3407 622 3452 siro
654 3411 768 3466 peccatum
779 3399 923 3452 committitis,
938 3405 961 3444 et
971 3397 1113 3458 redarguisti.

164 3471 307 3518 ooudderanti
318 3471 396 3518 taciem
407 3486 469 3518 suam
485 3471 583 3518 nativum
600 3470 622 3515 in
655 3468 678 3514 ni
688 3463 702 3513 i
713 3467 763 3527 lege
774 3463 841 3512 veluti
852 3471 1033 3523 transgressores

164 3535 264 3594 tpeeulo;
690 3535 719 3577 10
731 3527 837 3588 Quisquis
844 3527 903 3572 enim
911 3533 979 3571 totam
987 3525 1059 3585 legem
1068 3541 1114 3573 ser·

193 3603 224 3644 24
241 3597 301 3646 Nam
313 3597 378 3644 simul
395 3607 461 3658 atque
475 3596 623 3644 consideravit
654 3594 746 3647 severit,
757 3591 874 3652 impegerit
884 3596 958 3636 sutem
969 3589 992 3635 in
1004 3605 1055 3644 uno,
1067 3607 1115 3637 om·

164 3662 263 3724 sdpurnr,
281 3663 339 3716 abiit,
359 3670 381 3708 et
400 3663 474 3708 statim
493 3662 573 3709 oblitus
589 3668 623 3707 est
654 3658 717 3705 uibus
729 3663 822 3703 tenetur.

165 3726 230 3786 qualis
240 3733 306 3772 esset.
690 3725 714 3767 11
736 3719 796 3766 Nam
807 3717 844 3779 qui
855 3716 917 3771 dixit,
934 3715 973 3764 Ne
987 3719 1114 3768 moecheris

194 3791 224 3837 25
241 3789 518 3897 Atisqminqrospexerit
533 3788 556 3834 in
572 3802 622 3848 per·
655 3785 710 3832 dixit
730 3784 804 3838 etiam,
826 3782 865 3830 Ne
883 3781 976 3829 novitas
1011 3783 1079 3836 Quod
1098 3797 1114 3826 s

368 3859 382 3897 ‘l
401 3857 415 3897 'r'
