2720 4312
564 406 670 454 nsum
690 404 858 457 EPISTOLA

222 515 298 574 pietur,
316 511 359 558 isto
375 513 484 565 uidelicet,
501 509 591 574 Diliges
607 512 683 574 proxi-
745 509 843 572 40pus
857 517 943 557 ,sutem
970 527 1035 558 suurn
1062 513 1175 574 prohstum

222 588 282 624 mum
293 581 356 621 tuum
367 581 392 621 ut
402 576 504 636 teipsum.
713 574 790 620 reddet
810 575 972 635 unusquisque3
994 583 1017 622 et
1033 582 1087 622 tunc
1102 577 1125 622 in
1141 593 1177 624 se·

254 641 284 686 15
301 635 368 694 Qudd
385 639 403 684 si
419 637 455 684 alii
471 637 526 684 alios
541 638 647 684 mordetis
663 645 686 684 et
713 638 807 698 metipso
818 637 866 684 solo
875 637 1030 700 gloriationem
1046 640 1139 696 habebit,
1154 648 1177 688 et

221 703 337 756 devoretis,
359 703 432 748 videte
450 717 479 750 ne
494 702 590 748 vicissim
607 702 643 748 elii
659 703 686 748 eh
714 702 793 747 nonin
804 701 861 748 elios

222 766 445 814 sliisconsurnemini.
746 767 762 811 5
782 764 842 811 Nem
864 765 1013 827 unusquisque
1034 781 1099 812 suum
1122 783 1178 816 onus

255 834 284 876 16
301 832 354 876 Hoc
365 837 438 876 eutem
449 831 506 884 dico,
524 829 607 890 Spiritu
623 828 685 875 ince-
714 829 821 890 portabat.

223 893 272 946 dite,
282 903 306 940 st
316 894 375 954 quod
385 893 520 956 concupiscit
530 909 582 940 cero
593 907 621 940 ne
635 909 686 955 per-
747 897 762 938 6
780 890 937 939 communicet
953 899 1026 940 sutem
1034 895 1071 954 qui
1080 893 1179 942 institui·

223 956 300 1010 heito,
715 962 751 1001 tur
762 955 784 1002 in
796 970 904 1011 sermone,
916 972 967 1010 cum
977 973 1005 1002 eo
1020 959 1058 1018 qui
1074 973 1098 1004 se
1114 959 1179 1006 insti·

256 1025 285 1067 17
302 1019 363 1067 Num
374 1035 425 1068 coro
436 1019 572 1082 concupiscit
582 1017 687 1066 sdversrls
715 1018 763 1072 tuit,
775 1019 850 1065 omnia
859 1019 923 1067 bons.

223 1084 328 1146 spirinun,
340 1085 429 1146 spiritus
438 1092 512 1132 sutem
523 1081 628 1131 adverssls
638 1100 687 1130 car·
747 1085 762 1130 7
780 1081 818 1128 Ne
828 1090 912 1139 errate5
930 1081 995 1129 Deus
1006 1099 1050 1130 non
1060 1085 1177 1135 irridetur:

224 1163 288 1205 aem3
310 1149 365 1195 heec
385 1156 459 1195 sutem
475 1149 533 1195 inter
548 1163 572 1194 se
588 1147 689 1209 opposite
715 1145 818 1206 quicquid
828 1147 887 1192 enim
898 1148 1039 1194 seminaverit
1049 1149 1123 1203 homo,
1139 1163 1177 1198 soc

223 1220 280 1267 sunt,
303 1220 328 1259 ut
346 1228 391 1260 non
407 1227 550 1274 quaecunque
565 1211 686 1266 volueritis,
715 1217 738 1256 et
748 1217 823 1255 metet.
1225 1265 1230 1270 -

223 1276 298 1322 sedem
309 1276 400 1322 lecistis.
748 1277 762 1318 8
780 1272 840 1320 Nem
851 1273 887 1334 qui
900 1274 993 1320 seminet
1003 1274 1063 1320 cerni
1074 1291 1134 1329 suae,
1153 1291 1180 1326 „x

257 1343 285 1385 18
303 1337 370 1393 Qudd
386 1339 405 1386 si
420 1340 496 1400 spirit..
513 1338 623 1393 ducimini,
641 1354 686 1386 non
714 1351 781 1383 cerne
792 1344 860 1383 metet
876 1339 1002 1393 interitum
1019 1339 1056 1398 qui
1073 1337 1126 1384 reni
1143 1355 1180 1387 se·

222 1403 275 1448 estis
286 1405 327 1450 sub
336 1403 394 1482 lege
714 1401 784 1446 minat
795 1401 887 1462 spiritui,
898 1416 927 1447 ex
938 1403 1015 1463 spiritu
1026 1409 1095 1450 metet
1110 1403 1179 1450 vitan

257 1469 286 1514 19
303 1465 629 1526 Porromsnifestssuntopern
637 1481 685 1511 cer-
714 1472 833 1511 sesemen.

224 1531 273 1585 nis3
290 1546 347 1590 quse
358 1536 416 1583 sunt,
427 1529 564 1584 adulterium,
574 1531 685 1585 scortatio,
748 1532 763 1575 9
783 1525 855 1574 Porrd
871 1544 900 1574 ne
915 1527 1070 1576 benefaciendo
1087 1545 1177 1591 segres-

223 1595 343 1654 smpurites,
355 1593 471 1656 protervis,
715 1606 803 1637 camus:
822 1598 921 1653 tempore
931 1593 990 1638 euim
1007 1609 1048 1638 suo
1064 1604 1179 1646 metemus,

255 1662 286 1704 20
304 1656 436 1712 idololatria,
456 1654 595 1711 veneficium,
610 1655 685 1702 inimi·
715 1655 790 1701 sinon
801 1656 930 1716 frsngsmur
940 1657 1021 1702 animo.

223 1722 292 1776 citise,
308 1721 363 1775 lites,
383 1721 546 1774 aemulationes,
564 1721 685 1767 excandes-
750 1722 780 1765 10
806 1718 895 1780 Nempe
921 1720 995 1781 igitur,
1017 1720 1070 1766 dum
1092 1727 1179 1782 tempus

224 1788 313 1839 centlse,
326 1787 392 1840 rixae,
404 1785 497 1840 dissidia,
509 1786 616 1839 haereses,
715 1783 827 1837 hahemus,
839 1783 908 1828 simus
924 1782 1014 1829 benefici
1030 1799 1083 1844 erga
1095 1799 1178 1839 omncs

256 1853 283 1895 21
304 1847 409 1904 Invidiae,
421 1849 504 1903 caedes,
516 1849 638 1902 ebrietates,
647 1863 686 1894 eo-
715 1842 812 1892 menime
822 1844 876 1892 sord
887 1862 941 1907 erga
951 1847 1085 1893 domesticos
1096 1847 1153 1894 fidei.

223 1915 372 1965 mercationes,
381 1920 403 1958 et
411 1914 445 1959 his
453 1913 546 1959 similis:
560 1927 616 1972 quse
622 1927 686 1973 prse-
750 1913 776 1954 ll
796 1909 883 1959 Videtis
890 1907 956 1971 quim
967 1911 1040 1971 longis
1049 1911 1126 1958 litteris
1138 1927 1176 1958 vo·

224 1979 272 2023 dico
284 1977 352 2030 vohis,
364 1977 421 2022 sicut
430 1983 453 2022 et
461 1976 565 2037 praedixi,
574 1991 613 2021 eos
623 1976 687 2022 vide·
714 1973 748 2019 bis
759 1973 883 2034 scripserim
893 1972 944 2020 meri
954 1989 1028 2021 manu.

224 2043 274 2089 iicet
285 2043 322 2099 qui
339 2039 390 2085 talia
405 2047 481 2100 egunt,
499 2040 563 2100 regni
580 2038 625 2085 Dei
642 2054 687 2086 non
751 2040 780 2081 12
797 2037 930 2097 Quicunque
941 2037 1020 2082 volunt
1035 2039 1126 2099 speciosi
1139 2053 1178 2100 ap·

224 2104 271 2150 tore
281 2103 392 2149 haeredes.
715 2115 794 2162 parere
803 2101 825 2146 in
837 2115 908 2155 cerne,
918 2101 932 2147 ii
940 2111 1024 2162 cogunt
1036 2118 1075 2148 vos
1083 2104 1178 2148 circum·

257 2171 287 2212 22
305 2169 337 2213 At
348 2165 432 2212 fructus
442 2167 576 2228 Spiritrlsest
585 2165 687 2221 charitas,
715 2164 765 2218 cidi,
785 2162 870 2210 tsntdm
895 2180 923 2210 ne
941 2166 970 2210 oh
988 2181 1075 2211 crucem
1095 2165 1179 2213 Christi

224 2231 335 2293 gaudium,
347 2244 396 2291 pax,
408 2230 493 2282 lenitus,
504 2229 634 2290 benignitas,
645 2230 686 2276 ho-
715 2229 907 2290 persequutiouem
919 2229 1035 2289 patiantur.

225 2298 287 2350 nitas,
307 2295 367 2349 fides,
390 2295 541 2348 mansuetudo,
561 2302 686 2356 temperau-
750 2294 780 2336 15
797 2291 859 2337 Num
878 2307 907 2338 ne
925 2293 967 2353 ipsi
983 2288 1072 2353 quiddm
1087 2292 1123 2353 qui
1135 2293 1178 2338 cir·

225 2361 269 2414 1123
715 2355 876 2409 cumciduntur,
886 2355 958 2416 legem
968 2363 1057 2402 servent
1063 2373 1070 2412 3
1087 2357 1126 2402 sed
1138 2372 1178 2402 vo·

257 2426 288 2468 23
305 2418 420 2468 Aduersds
426 2421 532 2483 ejusmodi
542 2435 587 2467 non
598 2427 633 2466 est
642 2420 686 2466 lex.
715 2417 765 2464 lunt
775 2434 816 2464 vos
828 2419 960 2473 circumcidi,
973 2427 996 2464 ut
1008 2420 1035 2466 de
1047 2418 1119 2465 vestri
1130 2436 1178 2466 car·

257 2491 289 2531 24
306 2486 351 2538 Qui
360 2487 419 2530 enim
430 2494 484 2531 sunt
496 2483 586 2538 Christi,
598 2499 687 2530 carnem
716 2497 745 2528 ne
755 2482 884 2542 glorientur.

224 2549 380 2596 crucifixerunt
396 2564 446 2593 cum
463 2548 575 2594 affectibus
593 2555 616 2594 et
631 2563 686 2595 con·
751 2549 780 2592 14
796 2547 819 2592 Α
838 2561 875 2592 me
891 2542 944 2592 verd
960 2546 1016 2592 ahsit
1031 2546 1120 2607 gloriari
1137 2547 1178 2593 nisi

225 2611 371 2672 cupiscentiis.
716 2607 739 2655 in
750 2624 815 2656 cruce
826 2608 920 2655 Domini
937 2612 1005 2655 nostri
1021 2610 1076 2658 Jesu
1089 2609 1179 2665 Christi,

257 2678 288 2721 25
305 2675 329 2720 si
341 2673 435 2720 sivimus
444 2674 527 2734 spiritu,
537 2673 613 2734 spiritu
621 2673 686 2720 etiam
715 2687 831 2733 perquem
842 2674 938 2720 mundus
946 2674 998 2718 mihi
1011 2673 1128 2721 crucifixus
1138 2685 1178 2728 est,

224 2738 357 2784 incedamus.
716 2744 739 2782 et
749 2752 793 2797 ego
804 2737 894 2783 mundo.

257 2805 288 2847 26
305 2800 342 2846 Ne
353 2800 421 2845 simus
431 2799 502 2845 inanis
513 2799 597 2860 gloriae
607 2800 687 2862 cupidi,
751 2803 779 2846 15
797 2799 857 2846 Nam
879 2802 902 2847 in
923 2799 1013 2848 Christo
1032 2800 1087 2848 Jesu
1109 2816 1179 2862 neque

225 2865 259 2912 alii
276 2865 330 2912 alios
346 2871 498 2926 prouocantes,
515 2863 550 2908 olii
567 2864 614 2909 aliis
629 2864 687 2910 invi·
716 2862 853 2909 circumcisio
875 2865 990 2924 quicquam
1018 2865 1083 2920 valet,
1109 2879 1180 2928 neque

225 2930 307 2976 dentes.
716 2928 860 2988 prseputinm,
872 2929 911 2974 sed
926 2943 985 2974 nova
995 2929 1083 2974 crestio.

752 2994 781 3036 16
798 2990 830 3036 Et
846 2991 971 3051 quicunque
986 2989 1107 3038 secundslm
1123 2992 1178 3038 honc

385 3055 459 3104 CAP.
482 3055 527 3103 VI.
717 3054 816 3115 regulsm
827 3055 936 3108 incedent,
953 3070 997 3116 pax
1010 3058 1053 3102 erit
1065 3071 1130 3116 super
1141 3071 1179 3103 cos

282 3120 423 3175 RATRES,
440 3121 524 3167 etiarnsi
539 3134 687 3181 proeoccupa-
716 3125 740 3163 et
766 3119 920 3172 misericordia,
942 3126 965 3164 et
987 3134 1052 3180 super
1074 3118 1178 3166 lsraelem

228 3127 277 3240 F
303 3193 339 3232 tus
349 3184 415 3231 fuerit
426 3184 493 3230 homo
504 3185 526 3230 in
535 3185 607 3244 aliquo
618 3183 687 3244 lapsu,
718 3179 772 3227 Dei.

226 3265 266 3296 vos
287 3249 409 3312 spirituales
428 3247 548 3294 instaurate
563 3246 688 3308 huJusmodi
752 3247 780 3292 17
798 3243 837 3290 De
847 3251 941 3301 coetero,
958 3261 987 3292 ne
1002 3246 1051 3307 quis
1066 3246 1119 3292 mihi
1131 3261 1175 3293 mn

226 3313 337 3360 hominem
348 3327 399 3358 eum
411 3311 487 3372 spiritu
498 3310 686 3365 mansuetudinis,
716 3306 790 3355 lesties
806 3310 923 3366 exhibeto5
942 3310 1061 3372 egoenim
1077 3309 1181 3370 stigrmts

225 3377 365 3424 considerans
375 3377 530 3436 unusquisque
539 3373 687 3435 temetipsum,
718 3370 812 3418 Domini
823 3372 879 3420 Jesu
889 3373 912 3418 in
923 3389 1016 3434 corpore
1027 3388 1077 3420 meo
1087 3382 1160 3435 porto.

227 3453 253 3488 ns
262 3448 286 3486 ct
296 3448 320 3486 tu
332 3439 429 3486 tenteris.
751 3439 779 3481 18
802 3437 881 3483 Gratis
907 3435 1003 3482 Domini
1030 3437 1099 3483 nostri
1126 3435 1181 3485 Jesu

258 3507 272 3548 9
294 3503 340 3550 Alii
356 3503 448 3549 oliorum
465 3517 533 3548 onera
548 3507 646 3563 portate:
665 3507 689 3546 et
719 3496 802 3547 Christi
812 3502 843 3546 sit
854 3515 905 3546 cum
916 3501 994 3562 spiritu
1002 3508 1084 3556 vestro,
1095 3500 1179 3547 frstrss

226 3573 255 3614 ns
264 3567 373 3628 complete
384 3569 456 3628 legem
469 3565 560 3614 Christi.
717 3561 800 3610 Amen.

255 3633 273 3674 δ
289 3629 349 3674 Nnnr
361 3645 427 3689 srans
444 3629 483 3676 sibi
499 3630 586 3676 videtur
602 3627 688 3688 aliquid,

130 3727 132 3732 .
227 3707 291 3752 quum
303 3692 357 3736 nihil
367 3693 401 3745 sit,
413 3694 472 3737 hunc
487 3708 540 3738 snus
557 3693 624 3752 ipsius
640 3692 688 3737 eni·
769 3686 1126 3737 ndGalausmisscfuitRont

226 3769 274 3800 mus
286 3753 376 3798 seducit.

434 3806 482 3856 216
