2720 4312
463 416 486 455 2.
499 410 550 456 AD
567 407 790 466 CORINTHIOS,
807 408 852 456 Vl.

201 517 216 558 8
234 511 376 560 Contidtmus
388 519 472 566 sutern,
484 521 508 560 et
523 514 642 574 prohemus
673 513 804 576 iungimur3
820 523 842 562 et
853 514 914 561 velut
926 513 979 562 Deo
987 529 1025 562 sos
1035 529 1131 576 μω

171 574 489 640 pstidsrnigrareecorpore,
506 585 530 623 et
545 578 574 623 sd
590 577 642 624 Do·
673 593 873 640 pernosorsmus
890 577 974 627 Christi
989 581 1085 634 nomino,
1101 595 1126 628 re

173 641 256 687 utinum
268 640 300 688 ire
311 641 442 686 habitatum.
674 643 821 688 conciliamini
834 642 893 688 Deo.

205 709 221 751 9
238 703 360 766 Propterea
370 704 440 751 etiam
449 704 610 758 contendimus,
618 713 641 752 ut
707 710 736 751 21
757 705 820 752 Fecit
835 707 895 752 enirn
914 706 993 767 utqui
1013 722 1058 754 non
1076 707 1135 754 norb

174 770 241 816 ethic
256 777 423 814 commorantes
439 776 462 814 et
477 769 529 814 hine
544 770 641 830 migrari·
675 781 796 830 peccatum,
811 786 852 830 pro
871 771 933 816 nobis
948 781 1061 828 peccmum
1075 779 1137 823 esset.

175 840 214 885 tes,
225 832 245 878 ei
257 833 326 878 smus
337 832 432 892 accepti.
675 845 700 879 ut
711 849 752 880 nos
762 834 992 895 efficeremurjustitia
1004 834 1049 882 Dei
1060 836 1083 882 iu
1093 851 1127 882 eo.

209 899 239 941 10
263 895 349 941 Omnes
370 898 430 941 enirn
453 911 495 941 nos
515 911 643 956 comparere

176 967 264 1020 oportet
285 975 360 1004 coram
382 959 486 1004 tribunali
511 958 601 1014 Christi,
619 971 643 1005 ut
838 958 912 1007 CAP.
934 958 980 1006 Vl.

175 1023 326 1082 uuusquisque
338 1031 436 1084 reportet
449 1023 539 1082 quaein
550 1039 643 1084 corpore
719 1022 768 1069 ΕΙ)
779 1030 808 1076 et,
819 1031 845 1069 ut
856 1039 945 1084 opert-'n
962 1031 1059 1072 nostrsm
1071 1041 1090 1070 er
1102 1041 1128 1072 se

174 1083 266 1148 feeerit,
277 1095 428 1148 congruenter
439 1088 468 1132 sd
480 1087 503 1132 id
513 1087 572 1147 quod
582 1087 642 1134 lece·
739 1087 913 1140 commodantes,
924 1088 1037 1134 horumur
1045 1103 1074 1134 ne
1081 1089 1139 1136 irus*

175 1155 211 1202 tit.
223 1151 271 1196 sive
281 1151 370 1203 bonum,
383 1151 431 1196 sive
441 1150 532 1196 malum.
675 1159 710 1194 trs
719 1153 813 1210 gratiam
826 1149 871 1196 Dei
883 1151 1015 1212 receperitis.

212 1218 238 1260 11
259 1213 359 1260 Sn'entes
375 1214 445 1275 igitur
457 1222 565 1260 terrorem
582 1214 643 1260 illurn
709 1217 725 1258 2
742 1213 818 1276 (Dicit
829 1214 888 1259 enim
898 1213 1090 1276 Deus'l'empore
1102 1229 1136 1263 sc·

177 1273 279 1331 Dimisi,
302 1278 403 1324 homines
421 1278 450 1323 sd
468 1277 535 1324 tidem
554 1279 643 1324 adduci·
676 1284 742 1338 cepto
762 1277 865 1324 exaudiri
887 1285 916 1331 te,
935 1286 958 1323 et
974 1278 996 1324 in
1014 1279 1140 1326 dissolutis

177 1356 243 1398 mus3
255 1341 309 1386 Deo
316 1349 389 1388 sutem
399 1341 509 1388 manifesti
518 1357 609 1397 sumus;
621 1349 644 1387 et
676 1341 774 1386 succurri
787 1342 838 1388 tibi:
857 1357 915 1395 ecce,
927 1357 987 1388 nunc
1002 1351 1035 1389 est
1051 1351 1140 1406 tempus

177 1420 242 1466 spero
256 1421 298 1450 nos
316 1406 381 1451 etiam
403 1406 544 1452 conscientiis
566 1407 646 1452 vestris
676 1413 807 1466 occeptum
824 1421 952 1458 eccenunc
962 1407 1009 1452 dies
1020 1405 1116 1468 salutis)

177 1468 307 1516 manifestos
317 1485 372 1515 esse
708 1467 887 1516 ³Nullsmullsl
898 1470 920 1515 in
932 1471 1138 1531 repraebentesol'-

213 1537 242 1578 12
258 1532 312 1578 Nou
319 1534 377 1579 enim
387 1534 466 1579 iterum
474 1533 643 1594 nosipsoscom·
675 1531 806 1588 sensionem,
821 1549 850 1581 ue
865 1535 1002 1596 vituperetur
1020 1536 1139 1582 ministeri-

178 1597 308 1643 mendamus
324 1597 393 1644 vobis'.
411 1597 450 1642 sed
467 1598 528 1643 vobis
545 1598 644 1644 oeossio-
676 1611 729 1642 ums

178 1675 229 1706 nem
248 1661 377 1721 praebemus
392 1661 502 1721 gloriandi
519 1661 547 1706 de
563 1662 641 1707 nobis:
708 1664 724 1704 4
741 1661 785 1707 Sed
796 1661 1140 1723 inommbusnosspprobantes,

179 1731 204 1770 ut
210 1725 306 1770 habeatis
314 1727 375 1784 quod
385 1727 470 1770 dicatis
480 1721 586 1770 uluersils
597 1739 643 1779 eos,
676 1730 701 1770 ut
712 1723 759 1770 Dei
776 1726 879 1778 ministri,
898 1725 1015 1771 tokrsntri
1031 1725 1101 1771 mului
1116 1729 1139 1773 in

177 1788 216 1848 qui
232 1788 256 1833 in
273 1787 328 1834 fecie
343 1788 439 1850 gloriam
457 1797 552 1848 captent,
564 1797 587 1835 st
597 1804 643 1835 non
675 1787 837 1841 afflictionibus,
848 1789 871 1834 in
882 1789 1053 1842 necessitatibus,
1065 1790 1087 1834 in
1098 1805 1138 1836 au-

79 1865 83 1872 ’
178 1852 202 1898 in
212 1852 286 1897 corde
675 1852 763 1912 gustiis,

214 1919 244 1960 13
256 1915 315 1961 Nam
327 1915 373 1961 sive
381 1915 509 1968 insanimus
519 1914 572 1962 Deo
578 1918 643 1962 inso-
708 1918 724 1961 5
742 1912 770 1960 ln
785 1915 917 1966 verberibus,
934 1913 957 1960 in
972 1915 1100 1967 carceribus,
1117 1915 1140 1961 in

179 1979 273 2025 ninius:
291 1977 482 2025 sivemudmente
490 1995 573 2033 sumus,
582 1981 645 2026 vobis
676 1979 868 2040 exagitationibus,
879 1979 902 2024 in
918 1977 1034 2032 laboribus,
1045 1979 1068 2024 in
1080 1979 1138 2041 vigi·

179 2039 237 2090 sanci
248 2051 322 2090 mette
332 2058 417 2089 summ.
675 2042 716 2096 liis,
728 2044 751 2088 in
757 2043 863 2103 jejuniis3

214 2110 244 2151 14
261 2105 363 2154 Charitas
374 2107 434 2153 mim
445 2106 483 2152 illa
494 2104 576 2153 Christi
588 2123 644 2154 οοιι-Ι
709 2111 724 2152 6
742 2106 848 2160 Puritate,
868 2103 965 2160 scientiti,
985 2106 1082 2161 lenitate,
1101 2107 1139 2153 be·

180 2170 339 2231 stringitnos3
677 2170 792 2231 nignitate,
815 2171 897 2232 Spiritu
921 2171 1012 2226 Sancto,
1034 2172 1140 2218 charitate

214 2237 244 2280 15
262 2233 296 2280 Ut
306 2235 344 2294 qui
354 2235 398 2280 hoc
405 2233 578 2288 statuerimussi
588 2249 645 2280 unus
676 2249 722 2280 non
734 2232 843 2287 simulati,

180 2313 220 2359 pro
231 2298 333 2344 omnbus
349 2305 450 2343 mortuus
464 2297 513 2352 fuit,
524 2299 645 2359 nempeis·
709 2300 724 2343 7
742 2298 850 2343 Sermone
868 2297 972 2350 veritatis,
989 2297 1070 2342 uirtute
1088 2296 1141 2352 Dn‘,

180 2371 216 2408 tos
235 2377 312 2407 ornnes
330 2361 400 2408 luisse
416 2369 523 2416 mortuos,
541 2369 564 2407 et
579 2364 645 2409 cllum
677 2361 849 2422 armisjustitise
860 2361 944 2406 dextris
954 2375 980 2406 sc
991 2361 1100 2406 sinistris:

180 2441 220 2488 pro
231 2427 333 2471 omuibus
343 2433 457 2471 mortuum
468 2441 523 2480 esse,
532 2427 602 2486 utqui
611 2428 645 2471 vi-
710 2428 725 2469 8
743 2424 788 2470 Per
798 2424 892 2484 gloriam
903 2431 926 2471 et
939 2424 1091 2484 ignominiam,
1102 2437 1139 2486 pes

181 2497 242 2540 suist.
253 2490 346 2550 posthae
356 2501 408 2535 'non
426 2489 465 2535 sibi
481 2490 565 2543 virent,
576 2490 615 2535 sed
625 2489 645 2536 ei
677 2488 778 2535 conuicia
788 2495 811 2534 et
821 2488 910 2535 laudes:
929 2497 954 2534 ut
970 2488 1102 2542 seductores,
1120 2503 1139 2536 et

179 2554 216 2614 qui
228 2569 268 2614 pro
280 2554 332 2614 ipsis
343 2560 445 2599 mortuus
453 2561 487 2599 est
497 2560 521 2600 et
528 2554 646 2600 suscitatus
677 2560 753 2598 tamen
765 2567 855 2598 veraces
867 2569 874 2609 ς

180 2624 222 2663 est.
711 2621 726 2663 9
744 2615 777 2662 Ut
799 2617 876 2678 ignoti,
898 2624 921 2663 et
939 2625 1015 2664 tomen
1035 2617 1099 2672 noti;
1117 2626 1139 2664 ut

214 2686 244 2728 16
261 2677 340 2741 Itaque
361 2695 404 2726 nos
424 2681 516 2742 posthoc
535 2681 646 2727 neminem
677 2681 803 2734 morientes,
821 2689 844 2728 et
861 2697 913 2728 ecce
928 2683 1039 2737 vivimus;
1062 2689 1087 2727 ut
1102 2697 1139 2743 qus

181 2746 284 2791 novimus
294 2742 418 2791 secundrlrn
428 2761 534 2791 carnem:
552 2741 611 2806 qudd
627 2746 646 2791 si
677 2746 818 2806 castigamur,
830 2762 871 2792 nee
881 2755 957 2794 tumen
969 2746 1105 2793 occidimur:

179 2809 246 2854 etiarn
266 2809 370 2854 novimus
390 2806 505 2855 Christum
524 2807 646 2854 secundilm
713 2813 742 2855 10
761 2809 793 2856 Ut
800 2810 905 2866 dolentes,
912 2827 998 2873 semper
1005 2825 1139 2872 tarnengnu-

180 2887 345 2926 earnem,uunc
357 2879 431 2918 tamen
443 2887 487 2917 non
499 2870 593 2934 umplirls
603 2888 645 2920 ne·
677 2873 755 2919 dentes
764 2889 772 2930 ς
789 2881 814 2920 ut
830 2889 943 2935 pauperes,
960 2875 999 2920 sed
1015 2873 1097 2920 multos
1107 2873 1139 2920 di·

180 2938 261 2982 sunus.
678 2944 750 2982 tantos
761 2953 769 2992 ;
786 2945 811 2982 ut
822 2937 875 2983 nibil
891 2939 1003 2992 hahentes,
1014 2937 1053 2984 sed
1067 2939 1140 2984 omnis

215 3003 244 3046 17
262 2999 336 3060 Siquis
347 2998 416 3062 igitur
426 3007 457 3045 est
466 2999 488 3045 in
499 2997 596 3054 Christo,
603 3013 645 3046 no-
678 3002 808 3046 ‹btinentes

89 3095 92 3100 -
180 3071 376 3116 mercaturam:
395 3065 645 3124 velersprseterieruun
712 3067 738 3108 11
759 3063 792 3108 Os
803 3068 903 3111 nostrum
918 3067 1017 3122 apertum
1035 3069 1070 3106 est
1087 3077 1138 3122 erga

181 3143 238 3183 ecce,
250 3142 310 3173 novs
319 3127 379 3172 laets
389 3135 441 3172 sunt
452 3128 533 3174 omnia.
677 3142 725 3180 vos,
738 3124 856 3179 Corinthii,
867 3140 906 3170 eor
917 3133 1017 3171 nostrum
1028 3124 1140 3172 dilatatum

215 3195 244 3237 18
267 3190 333 3237 Hsee
350 3196 424 3236 sutem
446 3191 522 3236 omnia
541 3199 595 3238 sunt
617 3206 646 3238 ex
677 3197 718 3236 est.

181 3251 234 3304 Deo
242 3255 280 3314 qui
293 3253 441 3300 reconciliarit
451 3269 493 3300 nos
503 3255 543 3301 sibi
555 3271 594 3316 per
604 3254 645 3302 Je-
712 3257 742 3299 12
758 3251 813 3298 Nou
822 3247 1025 3312 habitetisangustd
1033 3251 1056 3296 in
1065 3251 1128 3298 nobis

181 3333 229 3365 suin
243 3317 364 3369 Christum,
376 3317 479 3377 deditque
495 3319 557 3364 nobis
568 3319 645 3365 minis·
678 3318 716 3364 sed
727 3318 815 3378 angusti
827 3317 880 3362 estis
890 3317 913 3362 in
925 3315 1043 3362 visceribus
1054 3316 1133 3364 vestris

182 3382 259 3428 terium
272 3381 472 3428 reconciliationis:
712 3385 742 3426 15
760 3379 852 3442 Loquor
862 3389 935 3427 sutem
954 3387 979 3424 ut
991 3379 1041 3424 liliis
1052 3378 1080 3424 de
1095 3395 1137 3439 par

215 3449 245 3492 19
268 3444 357 3506 Nempe
379 3446 430 3505 quis
457 3444 522 3491 Deus
549 3452 596 3492 erut
622 3445 645 3492 in
678 3446 866 3505 compensatione.
900 3443 1124 3491 Dilataminietvos.

183 3507 279 3562 Christo,
302 3509 408 3554 mundum
433 3509 577 3555 reconcilians
598 3509 645 3564 sihi,
713 3512 742 3554 14
765 3508 802 3554 Ne
828 3509 905 3570 imperi
924 3509 983 3568 jugo
1009 3505 1140 3567 copulamini

182 3588 226 3620 oon
246 3573 374 3633 imputando
391 3573 423 3618 eis
438 3572 512 3633 lapsus
528 3573 646 3634 ipsorum?
678 3588 729 3618 cum
747 3571 882 3617 infidelibus:
902 3570 961 3631 quod
975 3571 1034 3616 enirn
1049 3586 1140 3619 consor·

182 3637 298 3698 posuitque
316 3636 339 3681 in
357 3636 421 3682 nobis
440 3651 565 3683 sermonem
584 3637 645 3684 illurn
678 3636 733 3681 tium
740 3635 896 3696 justitiaecum
905 3633 1036 3695 iniquitute?
1052 3643 1075 3684 et
1086 3652 1140 3699 ques

183 3700 374 3747 reconciliationis.
678 3699 805 3745 commuuio
817 3699 872 3745 lucis
882 3713 933 3744 cum
944 3699 1057 3747 tenebris?

213 3768 245 3809 20
257 3761 336 3824 Itaque
344 3762 434 3810 nornine
444 3761 527 3812 Christi
535 3762 647 3825 lcgutione
713 3765 742 3806 lt
760 3761 792 3809 Et
802 3778 858 3824 quse
868 3763 984 3812 concordia
994 3764 1084 3814 Christo
1090 3779 1139 3812 cunr
