2720 4312
458 365 509 414 AD
527 363 786 422 PHILIPPENSES.
811 365 845 414 11.

161 493 196 524 ara
206 479 235 526 d
248 477 403 526 defensionem
421 477 535 540 evangelii
551 477 635 524 consti·
834 477 909 527 011².
932 475 967 528 Π.

162 549 304 590 αιωωειεε.
711 540 723 588 1
760 557 788 588 ua
809 541 878 604 igitur
903 543 1025 590 consolatio
1051 552 1083 592 ert
1107 538 1129 588 in

195 609 225 651 18
252 606 318 659 Quid
339 605 426 666 igitur?
443 611 542 651 attamen
558 605 638 665 quovis,
744 558 942 668 {bristosiquod
950 609 1127 658 solatiumebm·

162 669 236 723 modo,
251 671 301 716 aive
318 671 341 716 in
358 670 463 730 speciem,
481 667 528 714 sive
545 663 637 722 sineerd,
668 669 1047 734 tatiaaiquaoommuniospirittia,
1055 672 1132 735 siqaaa

162 730 269 780 coriatus
281 733 447 787 annunciatum
463 739 487 778 et
497 732 574 778 dehoc
580 747 637 794 gau-
668 731 754 780 viscera
763 749 789 780 ae
800 735 957 790 miserationes,

162 796 210 849 deo,
221 805 293 856 atque
304 797 371 843 etam
382 795 493 858 gaudebo.
701 801 717 842 2
734 796 830 857 Expiete
841 813 915 844 meum
925 800 1038 860 gaudium,
1055 807 1081 847 ut
1090 816 1131 848 eo·

197 864 227 908 19
248 861 315 906 Novi
337 863 397 906 euim
419 859 469 905 sore
485 865 511 904 ut
526 860 568 904 boc
584 857 637 904 mihi
668 858 779 906 demsitis
795 861 880 914 affectu,
897 864 989 909 eandem
1005 865 1134 914 charitato!

162 923 228 970 eadat
239 925 265 969 in
282 924 378 969 salutem
395 939 436 984 per
452 930 539 968 vestras
554 937 637 983 preces,
669 925 781 978 babentes,
815 925 937 980 unanimes,
970 935 993 973 et
1019 927 1133 977 sententiis

162 995 199 1044 tt¹
215 987 420 1050 suppeditationem
454 985 551 1047 Spiritda
582 985 638 1034 Jeau
669 987 721 1032 uni:

164 1049 259 1105 Christi,
701 1054 718 1096 ὅ
735 1049 799 1096 Nihil
806 1059 909 1110 gerentes
920 1069 959 1113 per
969 1054 1130 1102 minutim

195 1119 229 1160 20
247 1110 378 1162 Secunddm
398 1113 507 1160 intentam
523 1120 638 1174 exspecta·
669 1121 709 1159 aut
719 1129 758 1174 per
768 1114 855 1160 inanem
867 1115 967 1176 gloriam,
985 1117 1024 1162 sed
1040 1131 1068 1162 ex
1084 1133 1131 1164 an>

164 1178 252 1224 tionem
263 1186 288 1224 et
299 1193 361 1238 spem
372 1193 452 1231 meam,
463 1173 523 1237 qnid
540 1173 600 1224 nult
615 1177 638 1222 in
670 1175 741 1224 destid
759 1177 814 1224 alius
830 1178 897 1225 aliurn
913 1195 937 1226 se
953 1181 1131 1241 praestantiorem

164 1256 189 1289 re
199 1241 321 1302 pudefiam,
333 1242 372 1290 sed
386 1256 438 1288 cum
455 1241 516 1288 omni
533 1240 638 1294 libertate,
670 1241 806 1287 existimans.

165 1314 191 1352 ut
201 1321 301 1366 semper,
310 1307 343 1351 r'ta
355 1320 415 1352 nuno
430 1320 519 1365 quoque
535 1303 638 1365 magnifl-
703 1307 720 1348 4
736 1304 774 1350 Ne
795 1321 836 1352 sua
856 1305 948 1367 quisque
969 1313 1072 1368 spectate,
1095 1307 1132 1355 sed

164 1369 253 1414 celitur
266 1367 371 1416 Christus
382 1369 404 1414 in
416 1383 510 1428 corpore
524 1383 582 1422 meo,
599 1383 639 1413 seu
671 1369 821 1429 unusquisque
839 1370 905 1416 etiam
927 1385 983 1432 quae
1004 1379 1056 1418 aunt
1077 1372 1131 1418 alio·

165 1448 206 1494 per
216 1435 289 1479 vitam
301 1448 340 1478 seu
350 1448 391 1494 per
401 1440 513 1478 mortem:
671 1447 728 1478 rum.

199 1500 229 1541 21
252 1497 312 1542 Mihi
319 1493 559 1544 enimestChristuset
566 1496 592 1541 io
603 1495 638 1541 vi·
703 1499 718 1542 5
735 1492 814 1557 Itaque
825 1497 843 1543 is
852 1497 879 1544 sit
888 1497 1007 1546 affectusin
1015 1499 1084 1554 vobis,
1095 1515 1132 1561 qui

167 1557 196 1614 a,
209 1568 234 1607 et
246 1562 272 1606 in
283 1568 355 1606 morte
367 1560 461 1608 tucrum.
669 1557 711 1604 suit
722 1567 745 1606 et
755 1561 777 1606 in
791 1560 880 1608 Christo
891 1561 962 1610 Jesu:

199 1628 234 1670 22
252 1624 291 1670 rin
302 1620 356 1669 vend
368 1624 444 1670 vivere
460 1637 483 1670 tn
499 1637 566 1668 earne
584 1621 638 1668 mihi
702 1628 718 1670 6
735 1625 788 1678 Qui,
799 1640 867 1685 quum
878 1636 937 1672 esset
952 1627 974 1672 in
991 1623 1062 1674 iormd
1079 1625 1130 1682 Dei.

167 1689 357 1749 operaepretium
373 1689 421 1743 εἰη
438 1694 462 1733 et
477 1686 530 1747 quid
549 1685 638 1747 eligam,
670 1702 715 1796 ppo
729 1688 792 1734 duxit
808 1704 905 1749 rapinam
925 1705 999 1749 parem
1016 1705 1066 1737 esse
1080 1707 1131 1738 cuia

208 1769 259 1799 oro.
697 1767 739 1797 eo:

167 1765 235 1862 Ι81125
253 1813 432 1863 Coarctorenim
445 1813 561 1873 utrinque;
578 1812 637 1858 desi·
702 1817 717 1860 7
735 1814 780 1860 Sed
801 1814 848 1875 ipae
870 1830 919 1861 sese
940 1815 1039 1867 inanivit,
1060 1814 1132 1865 sormi

168 1880 232 1925 derio
243 1879 336 1925 tendens
358 1879 385 1924 ad
402 1879 558 1930 dimissionem,
575 1885 598 1923 et
615 1885 640 1922 ut
670 1878 728 1923 servi
739 1875 837 1939 accepti,
854 1875 930 1924 similia
946 1879 1070 1924 bominibus
1085 1880 1132 1926 sac-

168 1959 222 1990 cum
231 1941 322 1991 Christo
330 1943 385 1988 aim:
406 1937 638 1990 namidvalddnruito
670 1949 720 1997 tus;

170 2007 261 2054 melius:
701 2009 717 2050 8
734 2004 767 2053 Et
778 2005 853 2052 habitu
870 2017 996 2068 compertus
1014 2012 1038 2052 ut
1057 2007 1131 2062 homo.

204 2076 236 2116 24
253 2071 299 2117 Sed
308 2085 438 2132 permanere
449 2069 471 2115 in
483 2084 555 2122 earne,
567 2068 639 2130 magis
669 2069 716 2130 ipse
726 2085 750 2116 se
761 2069 867 2124 submisit,
884 2069 958 2118 iaetus
974 2071 1077 2117 obediens
1093 2087 1127 2118 us·

177 2137 319 2184 necessarium
340 2142 372 2182 ert
384 2141 474 2194 propter
485 2149 532 2178 voa.
546 2185 547 2190 ¹
669 2149 712 2193 que
722 2134 751 2180 ad
761 2141 862 2190 mortem,
879 2143 974 2182 mortem
990 2145 1064 2182 autern
1080 2152 1128 2182 cru·

204 2202 235 2246 25
253 2197 285 2244 Et
296 2199 339 2244 hoe
350 2197 453 2250 confisus,
466 2195 518 2242 novi
530 2211 565 2242 me
574 2211 638 2241 man·
668 2197 707 2244 eis.

171 2279 306 2310 aurumesae
314 2267 337 2308 et
348 2276 516 2322 permansurum
528 2275 579 2305 eum
597 2275 637 2306 vo·
702 2265 717 2308 9
734 2260 876 2323 Quapropter
894 2261 961 2308 etiam
977 2260 1044 2307 Deus
1060 2262 1130 2322 ipsura

170 2327 204 2374 bia
222 2327 330 2379 omnibus,
347 2325 376 2370 ad
393 2334 490 2370 vestrum
507 2323 638 2386 proiectum,
669 2323 693 2370 in
707 2339 815 2369 summam
832 2324 912 2370 extulit
928 2325 1089 2377 sublimitatem,
1106 2341 1131 2372 ac

171 2399 194 2436 et
204 2390 310 2452 gaudium
322 2388 388 2435 fidei:
669 2387 760 2433 donavit
770 2387 790 2432 ei
802 2402 884 2433 nornen
895 2389 953 2448 quod
964 2396 999 2434 est
1009 2403 1074 2448 supra
1082 2405 1129 2435 orn-

204 2459 236 2502 26
254 2453 288 2500 Ut
299 2453 395 2498 abundet
405 2451 508 2513 gloriatio
524 2461 599 2498 vestra
615 2451 637 2498 in
669 2467 698 2497 ne
706 2466 803 2497 nomen:

173 2515 265 2566 Christo
276 2516 332 2565 Jesu
344 2517 371 2564 de
382 2532 425 2570 me,
437 2514 486 2561 meri
498 2531 573 2561 rursus
581 2515 639 2576 apud
704 2519 734 2560 10
752 2513 786 2560 Ut
796 2515 824 2561 ad
835 2529 916 2560 nomen
927 2514 982 2564 Jesu
994 2530 1060 2561 omne
1071 2531 1130 2576 genu

173 2598 213 2630 vos
225 2577 355 2642 praesentiri.
668 2594 692 2625 se
702 2577 783 2632 flectat,
795 2579 930 2635 coelestium,
946 2595 972 2626 ae
989 2581 1131 2634 terrestrium.

206 2649 236 2692 27
253 2642 353 2692 Tentirm
370 2650 395 2690 ut
406 2644 510 2690 convenit
522 2643 638 2703 evangelio
670 2650 693 2689 et
704 2643 908 2700 subterraneorum3

174 2706 257 2757 Christi
269 2724 309 2754 voa
319 2708 405 2769 gerite3
423 2714 447 2753 ut
458 2705 504 2752 sire
523 2718 638 2768 postquam
705 2711 731 2752 11
746 2706 867 2769 Omnisque
876 2707 1131 2770 linguaprofitenturJo·

172 2789 255 2819 venero
276 2779 299 2818 et
321 2772 397 2818 videro
420 2787 467 2824 vos,
486 2771 533 2816 sire
553 2771 638 2825 absens,
669 2785 718 2817 siun
729 2768 842 2818 Christum
849 2788 898 2820 esse
906 2773 1074 2827 Dominurn,ad
1080 2773 1126 2836 glo·

172 2837 260 2884 audiam
272 2837 299 2883 de
312 2837 375 2896 rebus
387 2835 472 2887 vestris,
485 2850 525 2880 vos
543 2836 638 2880 audiam
670 2835 724 2882 riam
736 2835 782 2882 Dei
795 2835 875 2890 Patris,

175 2909 270 2961 perstare
291 2899 314 2944 in
334 2915 379 2944 uno
396 2899 479 2958 spiritu,
497 2914 541 2944 uno
557 2899 639 2960 pariter
704 2902 733 2944 12
750 2899 785 2946 Ac
801 2901 899 2961 proinde,
917 2901 989 2947 dilecti
1006 2901 1055 2955 mei,
1074 2901 1129 2946 ricut

173 2964 247 3010 auimo
268 2963 405 3010 decertantes
427 2977 466 3023 per
487 2961 553 3008 fidem
569 2977 637 3008 eran·
670 2977 756 3023 semper
764 2963 873 3016 obedistis,
883 2978 928 3008 non
940 2972 964 3008 ut
971 2964 996 3014 ¹in
1008 2960 1130 3023 praesentit

173 3027 224 3090 gelii
231 3045 238 3078 ς
669 3023 719 3070 meri
729 3024 807 3079 solim,
820 3025 859 3072 sed
870 3040 929 3072 nunc
940 3022 1010 3070 multd
1021 3027 1092 3087 magis
1107 3026 1131 3072 in

205 3095 236 3136 28
254 3089 305 3136 Nee
316 3087 637 3148 uutinreterritosabiisqut
669 3085 767 3134 absentid
785 3086 840 3142 med,
863 3103 912 3133 cum
933 3087 1012 3134 timore
1032 3103 1058 3136 ac
1085 3095 1126 3135 tre

174 3171 198 3200 ae
214 3162 345 3215 opponunt:
364 3153 425 3212 quod
440 3153 483 3200 illis
498 3148 587 3213 quiddm
603 3160 638 3198 est
669 3167 731 3199 more
742 3161 838 3198 vestram
849 3150 947 3214 ipsorum
958 3151 1050 3197 salutem
1060 3151 1130 3198 eonii·

174 3218 234 3264 exitii
256 3218 368 3272 indicium,
386 3217 448 3264 vobis
464 3225 537 3262 autem
554 3215 637 3270 salutis,
669 3217 729 3262 cite:

174 3279 239 3342 idque
250 3296 263 3327 a
274 3279 335 3326 Deo.
704 3283 733 3324 13
750 3278 815 3324 Deus
832 3278 891 3325 enim
908 3279 927 3326 is
938 3277 1019 3338 estqui
1031 3279 1130 3328 efficitur

205 3349 237 3392 29
254 3344 315 3398 Qua
325 3343 395 3404 gratia
405 3343 480 3389 datum
491 3349 527 3389 est
536 3341 598 3388 vobis
614 3341 637 3388 in
668 3344 738 3397 vobis,
749 3351 772 3389 et
782 3350 809 3389 ut
818 3343 890 3390 velitis
901 3350 923 3388 et
934 3349 959 3389 ut
969 3343 1074 3396 efficiatis,
1091 3358 1129 3405 pre

178 3405 260 3457 aratri
278 3407 377 3468 negotio,
394 3423 439 3454 non
457 3403 529 3454 solum
547 3407 569 3454 in
585 3422 637 3453 eum
668 3403 765 3470 gratuiti
774 3403 816 3454 sud
828 3403 987 3453 benevolendi.

175 3472 270 3524 rredere,
281 3471 320 3517 sed
331 3471 397 3516 etiam
408 3487 448 3531 pro
459 3487 486 3516 eo
497 3471 555 3530 pati:
703 3475 733 3516 14
750 3469 832 3516 Omnia
841 3470 906 3516 facite
917 3469 998 3530 abique
1008 3485 1127 3520 murmura·

206 3539 239 3580 ³0
250 3531 430 3582 idemeertamen
438 3534 565 3581 sustinendo
573 3532 638 3594 quale
669 3535 764 3582 tionibus
775 3545 801 3579 ac
812 3533 1020 3594 disceptationibus3

176 3599 259 3654 vidistis
280 3599 304 3644 in
325 3613 368 3654 me,
391 3604 414 3644 et
435 3613 494 3644 nune
515 3597 594 3644 auditis
610 3597 638 3644 de
703 3602 732 3645 15
751 3596 784 3643 Ut
795 3597 842 3643 sitia
852 3597 1030 3657 irreprehensiet
1046 3597 1131 3655 riueern

177 3675 217 3709 ue
365 3721 414 3770 223
670 3660 716 3706 Dei
732 3662 826 3716 inquam
843 3659 881 3706 filii
899 3660 1005 3721 inculpati
1020 3663 1043 3710 in
1059 3663 1130 3712 medo
