2756 4320
550 387 713 445 JOANNES,
736 389 807 438 XIV.

196 501 229 548 sut
240 501 295 548 alios
306 500 421 561 diligetis:
442 500 507 552 sieut,
519 501 622 560 inquom,
629 499 664 546 di·
728 503 754 546 ll
776 497 867 548 Credite
881 502 934 548 mihi
951 517 988 548 me
1005 505 1028 550 ln
1046 501 1120 558 Patre,
1136 513 1160 550 ut

196 565 237 612 lexi
254 581 302 619 vos,
320 573 345 610 ut
363 581 405 610 vos
430 565 495 610 etium
514 563 611 626 diligetis
629 564 664 610 alii
695 562 785 610 Putrem
797 565 819 610 in
831 580 867 612 me
878 581 937 621 essm
952 566 986 612 sin
998 564 1078 623 minds,
1091 583 1158 630 prop·

197 629 258 675 enos.
694 640 729 676 ter
740 631 787 690 ipss
798 645 865 690 opera
875 631 958 676 credite
969 631 1030 677 mihi.

227 695 260 740 55
277 691 370 738 Exime
381 705 461 738 omnes
472 697 611 752 cognoscent
624 708 665 738 vos
728 696 758 738 le
775 693 857 746 Amen,
875 709 947 748 amen,
967 696 1017 741 dico
1035 695 1104 749 vobis,
1121 695 1158 757 qui

197 773 245 802 esse
263 757 383 817 discipulos
405 771 475 809 meos,
499 756 516 801 si
538 756 666 802 cleritatem
693 757 763 803 credit
775 757 797 802 in
809 773 852 812 me,
864 773 931 819 opem
941 774 998 820 quse
1009 775 1053 820 ego
1063 759 1158 813 snciuet

198 821 317 867 huliucritis
327 820 363 864 alii
375 819 398 864 in
409 819 472 865 alios
694 820 741 882 ipse
762 820 835 875 faciet
861 831 884 868 et
906 837 990 882 majora
1010 824 1058 869 istis
1079 823 1157 870 saciet:

229 888 262 931 56
275 884 364 930 Dicitei
374 883 453 930 Simon
465 882 665 937 l'etrusDomine.
694 899 746 930 nam
767 901 811 946 ego
833 884 861 931 nd
884 885 974 932 Patrem
996 902 1070 933 meum
1092 887 1160 950 proti·

198 945 319 1009 qudabis?
337 947 464 1008 Respondit
479 948 499 993 ei
517 947 592 1002 Jesns,
613 945 666 1001 Qud
695 949 773 996 ciscor.

198 1014 254 1059 abeo
265 1027 311 1058 non
322 1018 429 1072 potestne
438 1027 498 1058 nunc
507 1013 567 1074 sequi
578 1029 585 1058 ι
603 1020 665 1073 post·
730 1015 759 1058 15
777 1011 810 1057 Et
816 1010 919 1072 quicquid
927 1013 1032 1074 petieritis
1039 1014 1061 1059 in
1071 1016 1160 1062 nomino

198 1093 227 1123 ea
237 1074 292 1122 verd
302 1073 400 1135 solutes
411 1091 455 1120 me.
696 1090 754 1129 meo,
766 1077 809 1121 hoc
820 1076 910 1124 facien:
931 1084 955 1123 ut
965 1077 1102 1139 glorificetur
1116 1079 1160 1126 Ρι-

183 1149 189 1154 ’
231 1145 263 1186 57
282 1139 475 1192 DiciteiPetmtt.
485 1139 591 1193 Domine,
600 1155 668 1200 quare
697 1140 765 1187 terin
778 1137 843 1186 Filio.

200 1220 247 1252 non
258 1219 346 1265 possem
358 1210 380 1250 te
397 1205 458 1263 sequi
476 1205 554 1250 nunc?
569 1205 668 1251 animam
732 1209 761 1249 lu
779 1203 804 1250 Si
825 1203 879 1264 quid
899 1203 1005 1265 petieritis
1027 1205 1049 1250 in
1072 1205 1161 1253 nomine

200 1285 273 1316 meam
284 1283 325 1328 pro
336 1279 359 1314 te
369 1267 486 1328 deponam.
697 1283 755 1321 meo.
767 1283 812 1330 ego
822 1267 908 1314 inciam.

234 1337 265 1378 58
282 1331 407 1393 Respondit
427 1333 447 1378 ei
466 1331 539 1386 Jesns,
562 1330 669 1378 Animum
732 1335 762 1379 15
780 1333 803 1378 si
823 1332 913 1394 diligitis
932 1347 975 1387 me,
995 1333 1162 1382 mandatumst

200 1405 262 1444 tuam
270 1412 311 1458 pro
322 1412 358 1444 me
369 1395 486 1456 depones?
504 1396 585 1450 Amen,
596 1410 668 1450 anien,
698 1403 791 1443 serente.

201 1461 251 1506 dico
267 1461 311 1515 tibi,
331 1476 376 1508 non
387 1461 474 1507 emittet
491 1475 570 1506 vocem
588 1460 668 1522 gellus
733 1465 762 1507 16
780 1459 833 1522 Ego
852 1457 905 1507 veni
925 1462 1007 1522 rogaho
1023 1457 1120 1514 Panem,
1139 1469 1162 1508 et

202 1525 273 1572 donee
284 1533 318 1571 ter
328 1539 364 1571 me
374 1525 525 1587 abnegaven's.
665 1544 668 1552 ¹
686 1524 764 1574 ,alium
776 1525 907 1571 advocatum
919 1525 977 1572 dnbn
994 1526 1056 1571 vobis
1073 1538 1098 1572 ut
1113 1540 1161 1572 mt-

698 1598 750 1635 neut
761 1590 875 1634 vobiscum
887 1589 908 1634 in
921 1598 1050 1636 aeternum:

350 1651 425 1701 CAP.
449 1651 520 1698 XIV.
733 1657 761 1700 17
776 1655 866 1712 Nempe
874 1653 1047 1714 Spiritumillum
1056 1653 1161 1707 veritatis,

266 1716 397 1764 Eturbetor
408 1733 448 1763 cor
462 1726 577 1764 vestrum:
595 1717 668 1762 credi·
698 1733 763 1778 quem
787 1717 882 1762 mundus
901 1732 947 1762 non
965 1725 1038 1778 potest
1057 1717 1161 1778 recipere,

296 1782 325 1827 tis
347 1782 369 1828 in
392 1782 484 1837 Deum3
502 1781 567 1827 etiam
590 1781 612 1826 iu
632 1796 669 1827 me
698 1782 750 1842 quia
767 1777 813 1826 nou
831 1781 938 1840 conspicit
956 1796 1015 1834 eum,
1040 1796 1081 1826 nec
1100 1781 1163 1826 novit

203 1845 291 1892 credite.
699 1860 764 1899 eum;
790 1859 831 1889 vos
850 1852 924 1888 sutem
944 1841 1013 1889 mistis
1032 1859 1091 1896 euin,
1112 1845 1163 1905 quia

236 1913 251 1954 2
269 1907 297 1955 In
307 1910 374 1956 doum
387 1909 461 1956 Patn's
472 1909 517 1954 mei
524 1908 669 1954 habitationes
699 1907 757 1969 apud
768 1923 809 1953 vos
820 1915 901 1960 mmet,
913 1915 935 1952 et
947 1907 969 1952 in
981 1906 1044 1953 vobis
1055 1908 1104 1952 erit.

203 1974 286 2020 misitne
296 1982 361 2020 sunt:
380 1974 462 2033 alioqui
473 1973 577 2019 dixissem
589 1973 658 2018 vobis.
735 1975 763 2017 18
781 1970 836 2018 Non
848 1971 969 2031 relinquam
981 1987 1021 2018 vos
1030 1973 1110 2028 orbos3
1128 1988 1163 2018 re·

235 2042 252 2082 5
266 2037 402 2084 Proficiscor
418 2044 535 2098 potaturus
554 2037 617 2083 vobis
635 2036 669 2082 lo·
699 2036 742 2083 deo
753 2035 781 2082 ad
796 2051 843 2082 vos

204 2117 269 2148 cuni:
290 2109 314 2148 et
333 2117 403 2162 quum
424 2100 537 2162 proiectus
555 2101 625 2153 fuero,
647 2108 671 2146 et
734 2103 764 2148 19
780 2099 862 2147 Adhuc
883 2099 1003 2162 paululum,
1025 2102 1049 2146 et
1067 2101 1163 2148 mundus

204 2166 468 2226 {iuraverovobislocunu
477 2166 669 2217 rursumvcnium,
699 2161 1043 2226 menonaniplidsconspiciet3
1064 2179 1106 2211 uos
1123 2181 1163 2212 an-

205 2231 438 2276 ttessumnmvossd
451 2230 575 2290 meipsum3
593 2238 618 2275 ut
634 2229 670 2274 uui
700 2228 957 2288 temconspicietismc;
980 2230 1031 2289 quia
1046 2245 1089 2290 ego
1104 2231 1163 2284 vivo,

205 2309 242 2340 eso
253 2310 303 2354 ego,
315 2301 338 2340 et
349 2309 391 2340 vos
401 2294 455 2340 sitis
699 2309 741 2340 vos
752 2293 818 2338 etism
830 2291 915 2338 vivetis

236 2362 252 2402 4
269 2357 302 2404 Et
311 2355 356 2419 qud
366 2373 410 2420 ego
421 2359 497 2404 abeam
509 2358 585 2414 scitis;
601 2369 625 2404 et
635 2357 669 2402 vi·
732 2359 764 2402 20
781 2354 809 2400 ln
826 2355 864 2400 illo
879 2356 914 2400 dte
926 2370 966 2400 vos
977 2355 1118 2416 cognoscetis
1129 2371 1165 2402 me

204 2437 239 2468 em
251 2422 319 2468 scitis.
698 2433 748 2468 esse
758 2419 781 2465 in
794 2417 861 2465 Patre
872 2433 929 2473 meo,
946 2426 969 2464 et
987 2434 1027 2464 vos
1044 2419 1066 2464 in
1083 2435 1125 2472 me,
1142 2427 1165 2468 et

236 2490 252 2533 5
269 2486 333 2532 Dicit
349 2485 368 2532 ei
386 2485 492 2539 'litonum
511 2484 617 2538 Domine,
629 2499 669 2530 ne·
699 2499 737 2531 me
748 2484 771 2530 in
783 2483 852 2530 vobis.

205 2550 287 2596 scimus
305 2547 350 2610 qud
368 2551 449 2596 abens:
473 2550 585 2609 quomodo
602 2549 671 2610 igitur
733 2551 761 2594 21
782 2547 828 2601 Qui
838 2554 897 2615 tenet
906 2547 1010 2592 mandata
1018 2562 1073 2603 mea,
1085 2555 1108 2594 et
1116 2563 1160 2594 ser·

205 2630 323 2676 possumus
334 2615 392 2660 vium
402 2613 477 2660 scire?
686 2653 689 2658 .
700 2619 739 2660 nt
749 2613 792 2666 illa,
804 2613 823 2658 is
833 2621 867 2658 est
878 2612 914 2672 qni
927 2611 999 2672 diligit
1009 2625 1059 2659 me:
1079 2612 1115 2674 qui
1123 2629 1150 2660 uu

236 2683 253 2724 6
270 2677 334 2724 Dicit
344 2679 365 2724 ei
375 2676 450 2730 Jesus,
462 2677 516 2738 Ego
525 2692 574 2723 sum
583 2677 619 2722 uia
627 2675 670 2730 itu„
699 2676 877 2738 temdiligitme
889 2675 1012 2738 diligetura
1022 2676 1089 2724 Patre
1100 2693 1164 2724 meo·

205 2751 228 2788 et
238 2742 373 2798 unverida·
386 2749 409 2788 et
420 2742 466 2788 vita
476 2741 528 2788 illas
548 2755 614 2787 nemo
631 2757 670 2788 ve·
699 2749 724 2788 et
733 2757 777 2804 ego
788 2742 878 2803 diligam
890 2757 948 2795 enm,
960 2748 983 2787 et
994 2743 1014 2788 ei
1025 2743 1164 2804 conspicien-

207 2808 239 2852 nit
249 2807 277 2852 ad
289 2805 379 2853 Patrem
391 2805 433 2852 nisi
445 2821 484 2867 per
495 2821 538 2852 me.
700 2805 753 2853 dnm
765 2807 871 2853 exhibebo
882 2807 998 2868 meipsum.

238 2874 252 2917 7
271 2871 295 2916 Si
314 2868 409 2917 ndssetis
427 2885 472 2923 me,
494 2869 585 2916 Patrem
604 2869 670 2916 etiam
733 2874 765 2916 22
783 2871 845 2916 Dicit
856 2871 875 2916 ei
887 2870 964 2924 Judas,
982 2887 1027 2917 non
1044 2873 1083 2918 ille
1100 2869 1162 2916 Isca·
1184 2884 1186 2888 ’

208 2933 401 2986 neumndssetis:
420 2942 443 2980 et
454 2935 502 2994 Jsm
521 2948 581 2981 nunc
602 2931 672 2980 mistis
701 2934 776 2989 rietes,
797 2935 903 2988 Domine,
921 2935 973 2994 quid
990 2943 1025 2980 est
1040 2949 1080 2980 cur
1098 2941 1121 2979 te
1136 2934 1166 2979 sis

209 3013 263 3052 tunt,
276 3007 300 3044 et
310 2996 396 3044 vidistis
404 3013 463 3044 eum.
702 2999 766 3047 nobis
783 2997 963 3057 conspiciendum
982 2998 1126 3051 exhibiturus,
1144 3006 1166 3044 et

238 3067 254 3107 8
272 3062 337 3108 Dicit
346 3062 366 3108 ei
380 3061 502 3122 Philippus,
515 3061 622 3114 Domine,
634 3077 672 3108 os·
703 3077 748 3109 non
760 3059 865 3113 mundo?

208 3127 272 3173 tende
283 3126 346 3173 nobis
359 3125 455 3180 Patrem,
467 3135 490 3172 et
501 3127 581 3171 sufficit
593 3126 661 3172 nobis.
736 3129 768 3170 25
785 3123 909 3184 Respondit
920 3120 994 3175 Jesus,
1005 3129 1029 3168 et
1039 3122 1095 3168 dixit
1103 3123 1129 3175 ci,
1143 3124 1166 3170 Sl

239 3196 255 3238 9
272 3190 336 3237 Dicit
346 3190 366 3236 ei
377 3189 558 3242 temnaicum
568 3190 674 3250 temporis
702 3189 752 3251 quis
760 3188 832 3248 diligit
843 3202 885 3240 me,
897 3201 1022 3232 sennonem
1033 3201 1108 3232 meum
1120 3201 1166 3232 ser·

188 3253 195 3262 ”’
209 3254 320 3300 nobiscnm
330 3269 386 3307 snm,
398 3265 421 3300 et
432 3269 476 3300 non
485 3253 555 3300 mistis
563 3269 606 3307 me,
617 3253 672 3298 Phi·
704 3253 769 3307 vehit,
787 3261 809 3298 et
823 3250 890 3296 Pater
900 3265 963 3296 nicus
977 3249 1054 3311 diliget
1070 3263 1128 3304 eum,
1145 3261 1166 3296 et

208 3318 281 3380 lippe?
298 3319 345 3373 Qui
365 3318 420 3364 vidit
438 3333 475 3363 me
493 3318 547 3372 vidit
565 3316 670 3364 Putrem:
703 3317 732 3365 td
742 3331 793 3363 eum
809 3315 930 3369 veniemus,
947 3322 970 3360 et
985 3314 1044 3376 apud
1059 3329 1110 3360 eum
1128 3315 1166 3361 lm-

208 3383 318 3443 quomodo
328 3382 398 3443 igitur
408 3392 432 3430 tu
443 3383 504 3436 dicis,
521 3382 621 3428 Ostende
632 3398 673 3428 no-
704 3381 826 3428 litabimus,

208 3448 241 3494 nis
255 3445 363 3493 Patrem?
737 3449 768 3491 24
786 3444 833 3499 Qui
850 3457 895 3490 non
912 3443 983 3503 diligit
995 3457 1037 3496 me,
1055 3457 1168 3490 sermones

240 3513 271 3558 10
287 3509 343 3558 Non
354 3509 425 3557 eredis
436 3525 472 3556 me
482 3509 619 3564 inPatreet
629 3509 674 3556 Pu·
704 3523 821 3556 meosnon
831 3515 918 3562 servam
935 3517 958 3552 et
967 3522 1040 3552 sermo
1051 3521 1116 3567 quem
1128 3522 1166 3554 eu·

208 3583 263 3622 tren
275 3576 298 3621 in
310 3590 346 3620 me
356 3575 424 3620 esse?
442 3574 518 3620 Verba
526 3589 581 3634 quiae
590 3590 633 3635 ego
640 3574 674 3620 lo·
704 3575 755 3621 ditis
766 3587 811 3620 non
823 3580 856 3618 est
868 3586 937 3624 meus,
954 3571 993 3618 sed
1003 3572 1051 3633 ejus
1061 3571 1098 3633 qui
1110 3572 1168 3620 misi·

209 3652 264 3699 quor
280 3639 350 3692 vobis,
368 3653 383 3685 a
403 3638 489 3700 meipso
511 3653 557 3684 non
578 3638 671 3698 loquor:
705 3653 747 3691 me,
759 3651 839 3694 nempe
851 3634 931 3681 Patris.

209 3703 246 3750 scd
258 3701 327 3750 Pater
337 3703 374 3763 qui
386 3702 409 3748 is
420 3717 457 3748 me
468 3710 550 3755 manet,
566 3701 613 3764 ipse
623 3701 676 3748 fucit
738 3704 769 3748 25
787 3699 852 3746 Haec
860 3699 964 3760 loquutus
973 3715 1022 3748 sum
1031 3699 1094 3747 vobis
1109 3696 1166 3762 apud

209 3779 281 3830 opem.
706 3781 747 3813 vos
757 3779 857 3812 manens.

419 3831 464 3874 m
