2720 4312
548 382 671 444 ‚canat
690 383 865 438 EPISTULA,

270 495 301 539 Μ
320 488 397 538 Post·
406 490 490 552 eligens
497 490 561 536 simul
573 489 698 536 malisvex·
759 494 792 537 39
809 489 884 549 Atque
895 504 972 534 omnes
983 489 1005 534 bi
1018 488 1144 535 scamonia
1154 504 1192 550 per

242 571 329 602 sarcum
343 555 423 616 populo
435 554 487 607 Dei,
504 552 570 613 quium
587 562 698 615 tempora·
728 553 793 598 lidem
815 554 892 606 ornati,
912 568 957 598 non
978 552 1120 600 obtinuerunt
1137 569 1179 615 pro

239 620 291 664 riam
304 620 397 664 retinere
408 619 489 679 peccati
502 618 627 663 fruitionem
636 634 651 674 ;.x
728 617 819 662 missum
831 616 884 661 illud
897 633 903 662 r

271 687 301 730 26
320 682 417 743 lllojores
426 682 541 728 arbitratus
549 681 635 726 divitias
646 696 698 742 pro·
760 684 793 725 40
810 680 922 733 Quoniam
931 679 995 724 Deus
1006 679 1103 726 denobls
1114 680 1192 728 melius

238 747 300 794 trum
324 744 414 797 Clrristr,
439 742 505 804 quim
532 744 697 804 Aegyptiorum
728 743 831 804 quiddam
850 744 980 804 providerat,
993 759 1020 788 nc
1034 744 1115 804 ubsque
1130 745 1192 790 uobis

238 810 364 856 thesauros:
390 809 513 854 intuebatur
528 808 588 854 enim
601 809 624 854 in
635 823 699 870 prae·
729 816 942 854 ccnsuuuuurcntur.

238 872 275 920 mii
288 873 460 918 retributionem.
948 917 952 922 .

271 940 301 982 27
320 935 441 982 l‘ertidern
457 935 545 995 reliquit
562 935 700 997 Aegyptum,
882 933 955 982 cnl‘.
979 931 1040 980 xll.

238 1000 291 1047 nibil
303 1002 383 1045 timens
394 1000 448 1046 iram
460 1000 532 1060 regis:
553 1014 610 1052 narn,
628 999 701 1059 utqui
785 996 1137 1058 ROINDEnosquoque,quum
1143 1007 1187 1045 tim·

238 1064 322 1110 rideret
343 1079 394 1110 curn
414 1066 451 1124 qui
472 1073 507 1110 est
525 1062 644 1118 invisibills,
666 1065 700 1110 itu
800 1070 874 1109 tanos
884 1063 1011 1108 circumstet
1019 1063 1108 1108 testium
1117 1065 1186 1109 nubes

238 1125 291 1172 lcrtl
303 1127 376 1173 anirno
387 1127 435 1173 luit
729 1127 813 1187 abjecto
823 1126 884 1172 omni
901 1127 1003 1187 pondere,
1020 1133 1043 1172 et
1059 1138 1149 1186 peccato
1165 1131 1189 1174 a*

270 1195 301 1236 ¹28
320 1190 364 1237 Per
372 1189 437 1236 fidem
449 1190 533 1251 pcregit
541 1190 627 1251 pascha,
636 1196 659 1236 et
666 1189 700 1236 el·
729 1205 771 1236 nos
782 1190 986 1250 circumcingcndos
997 1190 1095 1250 proclivi,
1107 1206 1146 1250 per
1158 1198 1186 1238 to

238 1252 347 1301 fusionem
359 1255 418 1300 illam
429 1255 558 1314 sanguinis3
576 1269 604 1300 ne
614 1254 700 1314 quipe·
729 1253 842 1300 lerantiam
864 1255 999 1315 propositum
1020 1255 1082 1300 nobis
1099 1255 1191 1300 stadium

237 1320 329 1366 maletat
340 1319 493 1379 primogenita,
505 1319 564 1378 ipsos
575 1326 683 1378 tangeret.
729 1318 871 1364 decurramus
877 1334 885 1374 ;

271 1387 302 1428 29
321 1382 365 1428 Per
376 1381 441 1428 fidem
453 1382 585 1427 transierunt
596 1381 698 1428 Rubrum
762 1385 777 1426 2
794 1379 910 1428 Intueates
920 1380 943 1426 in
955 1379 1004 1426 fidei
1016 1381 1093 1427 ducem
1105 1397 1130 1427 ac
1141 1397 1191 1442 per·

239 1445 305 1491 blare
317 1445 384 1494 ueluti
396 1461 435 1506 per
446 1455 540 1500 terramr
557 1446 700 1505 cujusmart's
728 1443 834 1491 sectorem
845 1443 931 1498 Jesum,
943 1445 979 1504 qui
998 1461 1038 1506 pro
1055 1446 1093 1490 sibi
1111 1461 1193 1506 propo·

237 1508 296 1554 lacto
307 1508 404 1569 periculo
416 1508 522 1568 Aeg>pui
534 1507 628 1568 absorpti
637 1515 699 1560 sunt.
729 1509 772 1554 sito
790 1510 872 1570 gaudio
888 1509 976 1570 pertulit
988 1524 1083 1557 crucem.
1095 1509 1192 1569 ignomi-

269 1577 302 1618 50
320 1571 364 1617 Per
376 1571 440 1617 fidem
449 1570 634 1618 moeuiaJericho
644 1586 698 1617 con·
729 1569 766 1617 nit
776 1571 908 1632 contempti,
920 1581 943 1618 et
959 1572 987 1618 ad
1003 1573 1102 1619 dextram
1119 1574 1192 1618 throni

237 1635 342 1688 ciderunt,
354 1635 522 1682 circumdataad
534 1635 580 1680 dies
591 1641 682 1695 septem.
730 1634 776 1681 Dei
787 1637 893 1682 consedit.

268 1703 297 1744 31
318 1697 362 1745 Per
373 1698 439 1744 iidem
453 1698 531 1744 Rahab
542 1700 647 1745 meretrix
662 1699 700 1745 illa
761 1703 778 1744 3
795 1699 886 1746 Etenim
898 1707 1003 1760 reputate,
1015 1699 1063 1760 quis
1075 1699 1192 1760 illesitqui

239 1778 284 1810 non
296 1763 360 1824 periit
371 1759 414 1808 unii
424 1778 475 1808 curn
486 1763 513 1808 iis
531 1763 568 1822 qui
585 1777 629 1808 non
646 1765 696 1809 obe·
729 1762 796 1808 talem
806 1761 933 1810 sustinuitd
949 1765 1097 1824 peccatoribus
1113 1764 1192 1810 adver·

237 1827 332 1880 dierunt,
341 1842 408 1887 quum
417 1821 507 1887 pacificd
515 1827 638 1888 excepisset
646 1827 698 1874 bos·
729 1823 767 1873 sits
786 1842 835 1872 sese
850 1828 1052 1882 contradictionem,
1068 1843 1097 1874 ue
1114 1829 1193 1874 restris

237 1891 459 1953 pitioexploratores.
729 1890 842 1937 animabus
853 1891 915 1937 l'racti
927 1892 1038 1937 fatiscatis.
1092 1943 1093 1948 ¹

269 1958 302 2000 52
320 1954 351 2001 Et
359 1955 412 2014 quid
420 1961 532 2015 praeterea
540 1953 633 2014 loquor?
644 1953 699 2000 deli·
761 1959 778 1999 4
802 1954 910 2001 Nondum
928 1955 956 2000 ad
973 1956 1103 2016 sanguinem
1123 1971 1193 2015 usque

238 2019 282 2064 ciet
292 2019 352 2064 enim
363 2034 399 2064 me
418 2025 504 2078 tempus
520 2033 699 2064 commemoran-
729 2018 845 2073 restitistis,
863 2016 968 2068 adversds
984 2027 1097 2080 peccatum
1115 2019 1192 2066 decer·

238 2089 281 2128 tem
288 2083 315 2127 de
327 2082 440 2135 Gedeone,
452 2082 479 2128 de
489 2081 580 2134 Baraco,
589 2089 612 2127 et
620 2082 699 2142 Samp-
730 2082 804 2128 tando.

237 2160 297 2198 sone,
309 2153 331 2190 et
341 2143 444 2206 Jephthe,
461 2152 484 2191 et
502 2144 599 2199 Doride,
616 2152 639 2190 et
656 2147 698 2192 Sa·
762 2148 777 2192 5
794 2145 826 2191 Et
837 2146 897 2192 obliti
906 2146 958 2192 estis
965 2145 1128 2198 adhortationis,
1136 2162 1192 2206 quae

238 2209 317 2260 muele,
328 2225 354 2254 ac
366 2209 491 2270 prppbetis3
729 2210 792 2256 vobis
802 2217 905 2270 tanquam
920 2209 970 2256 filiis
986 2210 1087 2270 loquitur,
1102 2209 1142 2256 Fili
1154 2211 1191 2264 mi,

267 2277 299 2318 53
317 2273 363 2328 Qui
375 2271 489 2334 perfidem
501 2269 698 2334 debcllitruntreg-
729 2287 758 2320 ne
775 2273 884 2335 negligito
903 2275 1070 2334 castigationem
1091 2273 1191 2328 Domini,

237 2352 272 2390 ιιι,
289 2337 371 2398 operati
392 2345 443 2382 sunt
457 2337 573 2398 justitiam,
588 2337 699 2396 assequuti
730 2351 801 2398 neque
816 2338 919 2384 remissus
935 2347 990 2390 esto,
1001 2353 1068 2398 quum
1080 2339 1106 2382 ab
1117 2354 1144 2384 co
1155 2353 1191 2384 ar·

237 2408 289 2446 sunt
299 2401 461 2462 promissiones,
471 2401 611 2447 occluserunt
619 2417 658 2446 ora
666 2401 698 2447 le·
728 2402 818 2462 guaris:

236 2480 311 2518 onum,
761 2469 777 2511 6
799 2465 872 2518 Quem
892 2465 951 2512 enim
976 2465 1047 2526 diligit
1072 2464 1191 2519 Dominus,

267 2531 300 2573 34
321 2527 698 2590 Extinxeruntvimigniaell‘uge·
728 2529 837 2590 castigat:
862 2529 959 2589 flagellat
977 2539 1177 2588 autem.quemcun

236 2600 288 2637 runt
298 2591 355 2637 acies
365 2591 438 2652 gladii,
450 2592 583 2638 corroborati
601 2599 652 2638 sunt
668 2607 696 2638 ex
729 2608 772 2653 que
782 2591 850 2638 lilium
861 2593 969 2652 agnoscit

189 2667 191 2676 ι
236 2653 369 2708 lnfinnitate,
380 2655 450 2700 ellecti
463 2663 515 2700 sunt
526 2656 590 2700 validi
602 2656 623 2700 in
631 2656 698 2710 bello,
762 2658 776 2702 'l
794 2656 817 2701 Si
826 2657 992 2716 castigationem
1000 2655 1117 2708 sustineris,
1125 2653 1190 2701 Deus

235 2717 344 2762 exercitus
355 2725 480 2762 exterorum
493 2719 515 2762 in
531 2717 607 2778 lugam
625 2727 697 2764 certe·
728 2734 777 2764 sese
789 2720 850 2765 vobis
858 2721 946 2766 exbibet
956 2727 982 2766 ut
992 2719 1055 2766 liliis:
1074 2719 1123 2780 quis
1131 2721 1190 2765 enim

236 2788 300 2826 runt:
727 2789 762 2828 est
772 2781 835 2835 lilius,
847 2799 913 2842 quern
925 2799 969 2829 non
981 2783 1073 2844 castiget
1083 2783 1164 2844 pater?

266 2847 298 2889 55
316 2841 424 2889 Mulieres
435 2853 567 2903 acceperunt
579 2858 606 2890 ex
624 2860 696 2890 resur·
760 2849 775 2890 8
793 2843 860 2899 Qudd
871 2847 889 2892 si
900 2848 953 2893 estis
968 2848 1048 2907 absque
1061 2846 1190 2908 castigatio-

235 2907 332 2953 rectione
343 2916 443 2953 mortuos
454 2923 518 2953 suos2
538 2909 572 2954 alil
585 2906 638 2953 rerd
651 2909 696 2954 dis·
728 2924 763 2964 nc,
774 2912 837 2971 cujus
848 2909 963 2971 participes
975 2918 1116 2964 suutomnes,
1127 2925 1190 2956 nem·

235 2971 289 3018 tenti
301 2979 358 3026 sunt,
371 2970 472 3032 neglectis
483 2973 609 3018 liberatione
620 2979 645 3017 ut
656 2989 696 3032 po·
727 2988 755 3034 pe
766 2975 895 3034 supposititii
906 2975 966 3027 estis,
978 2989 1024 3022 ιιοιι
1035 2973 1080 3019 filii.

236 3035 312 3082 liorem
320 3037 500 3082 resurrectionem
507 3037 695 3082 nanciscerentur:
761 3042 775 3084 9
792 3037 881 3084 Deinde
892 3052 1008 3098 corporum
1016 3045 1142 3084 nostromm
1150 3051 1190 3098 pa·

265 3103 298 3148 36
316 3099 361 3145 Alii
373 3115 448 3145 rursus
464 3099 555 3146 ludibria
571 3108 594 3145 et
609 3099 697 3160 flagella
727 3106 772 3147 tres
783 3101 897 3147 habuimus
913 3101 1063 3162 castigatores,
1074 3108 1097 3147 et
1107 3116 1144 3147 eos
1154 3115 1190 3147 re·

235 3170 287 3210 aunt
308 3164 399 3223 experti,
417 3163 507 3223 insuper
526 3172 549 3209 et
568 3163 655 3210 vincula
673 3171 696 3210 et
727 3165 790 3210 veriti
810 3180 904 3210 sumus:
932 3179 1006 3210 annon
1027 3161 1098 3211 multd
1118 3165 1191 3226 magis

235 3241 359 3273 carcerem:
727 3228 865 3289 subjiciemur
883 3227 943 3275 Patri
960 3228 1082 3289 spirituum,
1094 3229 1191 3276 etrite·

265 3295 298 3337 57
311 3289 476 3350 lapidatisunt,
485 3290 572 3336 dissecti
582 3297 695 3341 suntten·
726 3291 794 3338 musi
1044 3291 1049 3296 '

235 3355 273 3400 tati
293 3365 350 3406 sunt,
369 3353 444 3414 gladio
462 3354 519 3399 caesi
539 3354 695 3407 occubuerunt,
762 3359 791 3400 10
808 3354 867 3400 Nam
879 3354 909 3400 illi
921 3369 946 3401 ac
963 3371 1044 3416 paucos
1059 3354 1113 3408 (bes,
1124 3363 1189 3416 prout

236 3424 390 3462 aberraverunt
407 3431 457 3461 cum
476 3417 547 3462 ovillis
564 3426 587 3463 et
602 3419 696 3478 caprinis
727 3418 779 3478 ipsis
790 3419 908 3471 ridebatur,
926 3433 968 3464 nos
983 3419 1135 3479 castigabant:
1155 3421 1187 3465 bit

235 3481 332 3542 pellibus,
344 3481 449 3534 destituti,
461 3481 542 3535 afllicti,
553 3482 628 3542 pressi,
638 3476 696 3528 malt
726 3490 799 3528 autern
823 3482 851 3527 ad
872 3483 1013 3528 commodum
1035 3495 1143 3536 nostruin,
1166 3498 1190 3530 ιιι

236 3544 320 3589 vexati:
726 3545 841 3606 participes
852 3545 921 3591 simus
932 3547 1089 3592 salictimoniae
1101 3547 1174 3607 ipsius.

265 3611 296 3651 38
314 3606 400 3660 Quibus
411 3607 514 3668 indignus
530 3615 577 3654 erat
594 3609 696 3663 muudus,
761 3612 786 3654 ll
802 3608 881 3654 Omnis
889 3618 962 3656 autem
972 3610 1087 3670 castigatio
1097 3610 1118 3656 in
1126 3626 1189 3669 prae·

236 3683 258 3714 ur
270 3668 362 3714 desertis
372 3679 478 3723 errantes,
494 3678 518 3717 ct
536 3673 653 3726 ulantibus,
671 3688 696 3717 ac
726 3687 777 3718 sens
787 3668 875 3732 quiddm
887 3687 932 3717 non
948 3673 1034 3718 uidetur
1047 3689 1096 3719 esse
1107 3675 1186 3733 gaudii.

235 3731 350 3788 nclracis,
361 3739 384 3778 et
395 3747 496 3840 “legis
507 3741 584 3780 terrae.
726 3736 764 3781 scd
772 3736 870 3782 tristitiae
880 3753 885 3781 ε
905 3746 927 3780 et
938 3747 1015 3796 postca
1023 3737 1118 3784 fructum
1129 3745 1184 3784 trau·
