2734 4314
495 405 721 462 simundus,
745 405 831 454 XXII.

192 518 311 572 lixerimus,
334 515 357 564 Ε
378 515 460 572 toelo;
493 514 552 560 dicet
578 513 648 568 nobis,
711 516 744 560 ³9
761 511 794 559 Et
804 521 952 574 captumeum
960 515 1139 576 ejoeenrutextrs

188 586 263 636 Quare
273 597 328 642 ergo
340 595 385 627 non
396 579 519 626 credidisds
529 577 568 623 ei?
681 579 775 629 vineam,
786 585 810 623 et
820 573 965 624 trucidrirunt.

218 650 250 692 26
267 645 307 691 Sin
323 651 397 690 autem
414 643 540 696 dixerimus,
555 641 592 688 Ex
607 641 648 686 lro-
713 645 745 686 40
762 641 839 696 Quum
856 641 925 702 igitur
939 640 1025 687 venerit
1040 640 1141 686 dominus

188 709 297 764 minibus;
321 709 424 754 timemus
442 707 542 753 turbam:
571 719 649 751 omnes
681 706 764 759 vineae,
776 706 827 765 quid
839 705 904 751 faciet
915 704 1018 766 agricolis
1029 704 1091 750 illisi

188 776 246 819 enim
268 773 348 818 babent
372 771 484 819 ,ioannem
507 777 531 816 ut
554 770 649 831 prophe-
714 774 742 814 41
763 769 850 816 Dicunt
868 771 895 823 ei,
916 769 991 816 liialos
1008 769 1067 830 ipsos
1086 769 1142 814 malr

189 846 241 883 tarn.
681 834 764 895 perdet,
776 841 799 879 et
810 834 896 879 vineam
914 848 976 878 suurn
993 833 1086 878 elocabit
1097 833 1141 879 aliis

220 905 251 947 27
268 899 300 947 lit
310 899 467 962 respondentes
475 896 531 945 Jesu
541 897 650 950 dixerunt,
682 897 791 959 agricolis,
804 898 840 958 qui
853 898 944 943 reddent
952 897 972 942 ei
981 897 1076 943 snrctum
1086 907 1137 943 tem

192 965 317 1012 Nescimus.
351 964 392 1009 Ait
402 964 434 1009 eis
445 970 468 1009 et
479 963 533 1023 ipse,
546 961 596 1008 Nec
607 977 651 1022 ego
682 962 771 1024 poribus
783 962 835 1007 suis.

191 1031 251 1075 robis
267 1029 338 1075 dicam
355 1024 398 1089 qui
414 1027 544 1074 auctoritate
559 1026 602 1072 ists
617 1024 651 1070 sa·
714 1030 747 1070 42
764 1024 828 1072 Dicit
838 1025 870 1071 eis
887 1024 961 1078 Jesus,
979 1023 1132 1085 Nunquamle

189 1097 252 1140 c'um.
683 1090 747 1152 gistis
758 1090 780 1137 in
792 1089 912 1152 scripturis,
923 1089 998 1143 Quem
1004 1089 1098 1149 lapidem
1110 1105 1143 1135 re-

198 1162 253 1204 (28
277 1155 338 1211 Quid
360 1163 434 1202 autem
457 1155 520 1202 robis
547 1151 652 1200 siletur?
683 1151 804 1216 probirunt
820 1153 967 1207 aedificantes,
986 1153 1005 1199 is
1021 1153 1094 1199 iactus
1112 1161 1144 1200 es*

195 1222 288 1276 Quidam
306 1221 398 1267 habebat
413 1220 469 1266 duos
485 1219 558 1274 tilios;
575 1225 599 1264 et
614 1232 653 1262 ac-
683 1224 750 1280 caput
760 1218 851 1279 anguli:
871 1217 997 1264 aDomino
1014 1215 1096 1263 sactum
1113 1229 1147 1267 err

196 1287 270 1332 :edens
289 1285 316 1332 ad
335 1285 437 1346 priorem,
456 1284 518 1336 dixit,
542 1281 592 1336 Fili,
611 1281 653 1336 abi,
684 1282 744 1336 illud,
764 1290 787 1329 et
802 1287 837 1328 est
853 1282 951 1328 mirabile
967 1282 990 1327 in
1007 1281 1077 1328 oculis
1093 1297 1141 1327 noe

191 1350 254 1396 torte
265 1363 356 1409 operare
367 1349 389 1393 in
401 1345 466 1394 vinei
476 1343 533 1392 meir.
684 1346 742 1393 tris?

223 1418 254 1460 29
272 1412 314 1458 Ille
324 1409 378 1458 verd
390 1411 525 1472 respondens
533 1409 570 1464 ait,
580 1408 642 1455 Nolo
717 1415 749 1457 45
767 1409 889 1472 Propterea
899 1411 948 1456 dico
958 1411 1025 1462 vobis,
1038 1409 1147 1455 tolletura
1158 1414 1163 1423 ’

191 1479 323 1538 scd‘postea,
334 1491 402 1535 quum
415 1475 547 1535 resipuisset,
559 1474 618 1520 alriit.
686 1476 748 1522 rolris
767 1491 862 1536 regnum
881 1474 934 1524 Dei.
947 1481 970 1520 ct
985 1475 1070 1520 dabitur
1086 1475 1147 1536 gend

222 1546 255 1587 50
272 1541 304 1586 Et
314 1539 421 1586 accedens
437 1539 474 1584 ille
487 1539 515 1584 ad
526 1537 655 1592 secundum,
685 1555 742 1600 quae
752 1539 809 1586 ferat
819 1540 866 1585 e'us
877 1539 969 1584 fructus.

191 1606 247 1652 dixit
257 1605 339 1650 itidem.
374 1601 398 1649 ls
409 1601 609 1663 verdrespondens
618 1602 655 1656 ait,
718 1607 751 1649 44
768 1602 840 1650 Porro
851 1604 887 1663 qui
899 1603 1002 1648 ceciderit
1013 1601 1040 1648 ad
1054 1601 1148 1664 lapidem

193 1669 246 1731 Ego
257 1669 317 1722 abeo,
329 1668 418 1713 domine
428 1685 434 1714 r
454 1667 492 1712 sed
503 1681 549 1712 non
560 1666 619 1712 abiit.
686 1668 760 1722 istum,
772 1667 939 1728 confringetur:
959 1681 1096 1728 superquem
1109 1682 1148 1712 re-

224 1737 252 1778 51
275 1729 656 1790 Utereduobusfecitquodvoluit
687 1729 712 1778 τὸ
723 1731 833 1785 ceciderit,
845 1731 957 1792 dissipabit
967 1746 1026 1776 eum.

192 1796 241 1859 eins
251 1795 332 1858 pater?
350 1795 437 1842 Dicunt
448 1795 474 1849 ei,
486 1794 558 1841 Prior.
592 1794 656 1840 Dicit
718 1798 751 1843 45
768 1796 801 1841 Et
811 1811 879 1856 quum
891 1796 1003 1841 audissent
1009 1793 1105 1856 primarii
1113 1809 1148 1840 ss·

192 1863 224 1908 eis
235 1861 310 1914 Jesus,
323 1861 397 1908 Amen
409 1859 534 1912 dicovobis,
546 1858 655 1920 publicani
687 1860 788 1906 cerdotes
804 1875 829 1905 ac
842 1859 954 1905 I'harrisaei
971 1859 1084 1920 parabolas
1095 1860 1148 1920 ejus,

193 1935 215 1973 et
226 1926 353 1972 meretrices
364 1931 470 1986 praceuut
483 1923 547 1970 rubis
562 1924 586 1970 in
603 1939 654 1984 reg·
687 1931 842 1985 cognoverunt
852 1926 909 1970 haec
920 1923 947 1969 de
958 1939 982 1970 se
993 1923 1043 1968 dici.

193 2005 247 2037 num
260 1989 313 2036 Dei.
718 1993 751 2034 46
769 1987 801 2034 Et
818 2003 886 2047 quum
903 1987 1017 2033 studerent
1032 2002 1085 2033 eum
1099 2001 1146 2048 pre·

225 2059 257 2100 52
274 2053 345 2099 Venit
355 2053 414 2100 enim
426 2052 453 2098 ad
462 2067 502 2097 vos
513 2048 656 2099 Joannesvit
687 2052 789 2105 bendere,
801 2052 923 2098 timuerunt
938 2052 1031 2105 turbam,
1047 2051 1150 2112 quoniam

193 2119 295 2184 justitiae,
307 2125 330 2164 et
341 2133 386 2163 non
398 2116 520 2163 credidistis
531 2116 566 2170 εἰς
583 2116 655 2176 publi·
686 2123 712 2162 ut
722 2117 851 2178 prophetam
863 2131 913 2162 eum
925 2116 1022 2162 habebat.

194 2183 243 2229 cani
262 2179 315 2228 verri
334 2188 357 2227 et
374 2181 500 2226 meretrices
517 2179 657 2226 crediderunt

194 2249 229 2294 ei:
247 2252 374 2292 vosautem
390 2245 427 2306 qui
443 2246 485 2290 tac
501 2243 593 2298 vidistis,
610 2259 656 2290 nou
827 2243 901 2292 CAP.
926 2243 1011 2290 XXII.

194 2309 316 2372 resipuistis
327 2317 409 2371 postea,
422 2316 446 2354 ut
457 2309 476 2354 ei
488 2309 614 2354 crederetis.
689 2311 707 2352 Γ
751 2308 823 2357 UNC
835 2307 969 2370 respondens
981 2308 1054 2363 Jesus,
1064 2305 1152 2355 rursdm

226 2379 259 2421 53
275 2375 350 2422 Aliam
362 2373 486 2436 parabolam
498 2373 586 2420 audite:
605 2371 658 2420 Fuit
780 2375 884 2434 loquutus
895 2381 929 2419 est
940 2373 971 2438 eis
982 2389 1022 2435 per
1032 2373 1152 2435 parabolas.

195 2440 282 2500 quidem
308 2435 470 2501 paterfamilis,
493 2437 529 2498 qui
552 2437 659 2498 plantavit
690 2437 773 2488 dicens.

195 2505 289 2558 vineam,
301 2511 324 2549 et
335 2517 409 2563 sepem
420 2502 578 2562 circumposuit
586 2502 613 2553 ei,
622 2501 658 2546 fo·
723 2506 738 2546 2
756 2501 831 2548 Simile
838 2511 872 2547 est
881 2517 974 2562 regnum
983 2501 1096 2548 coelorum
1104 2500 1146 2546 cui-

195 2567 270 2627 ditque
289 2567 312 2612 in
331 2565 357 2613 ei
375 2566 478 2619 torcular,
496 2572 519 2610 et
536 2564 659 2610 aedificarit
690 2565 740 2612 dem
752 2566 806 2627 regi,
818 2566 855 2636 qui
867 2566 919 2612 lecit
930 2566 1018 2627 nuptias
1028 2565 1075 2612 tilio
1085 2581 1142 2612 suor

195 2632 280 2684 turrim,
298 2638 321 2676 et
336 2629 431 2676 elocarit
447 2644 495 2674 earn
511 2629 620 2689 agricolis,
633 2645 659 2675 nc
722 2634 739 2676 5
756 2629 789 2676 Et
799 2630 859 2676 misit
870 2645 946 2676 servos
963 2645 1021 2684 suos,
1034 2630 1071 2690 qui
1084 2645 1151 2677 voca·

195 2691 287 2756 peregri
299 2693 411 2754 proiectus
421 2700 469 2738 est:
690 2701 740 2740 rent
751 2701 842 2740 vocatos
859 2695 886 2740 ad
903 2693 989 2755 nuptias
999 2711 1005 2740 r
1025 2695 1063 2740 sed
1074 2694 1141 2740 nolue

226 2763 260 2804 34
276 2757 355 2811 Quum
372 2764 446 2802 autern
466 2761 553 2817 tempus
572 2755 657 2802 sructu—
690 2766 742 2804 runt
750 2759 833 2806 venire.

196 2839 233 2868 um
244 2817 446 2884 appiopinqurisset,
453 2821 514 2866 misit
521 2836 598 2866 servos
607 2836 659 2867 suos
724 2830 739 2867 4
755 2821 844 2868 Rursus
863 2823 923 2868 misit
943 2823 998 2868 alios
1016 2837 1099 2877 servos,
1119 2822 1154 2868 cli·

196 2887 223 2933 sd
233 2885 348 2948 agricolas,
360 2892 385 2931 ut
401 2887 448 2948 ejus
463 2884 548 2930 fructus
559 2885 658 2946 percipe·
689 2902 750 2940 cens,
763 2885 840 2933 Dicite
855 2887 945 2941 vocatis,
959 2887 1026 2941 Ecce,
1037 2886 1154 2948 prandium
1224 2929 1227 2937 ,

196 2959 252 2998 rent.
690 2965 764 2996 meum
774 2951 855 3012 paravi,
863 2951 919 2996 tauri
930 2951 973 2997 mei
984 2958 1007 2997 et
1018 2951 1154 2998 ultiliamsc-

227 3018 260 3063 35
278 3014 398 3077 Agricolae
409 3011 469 3069 verri,
479 3014 548 3074 captis
557 3015 603 3075 ejus
611 3029 658 3060 ser·
690 3021 737 3062 tata
745 3023 805 3070 sunt,
817 3023 840 3061 et
851 3015 926 3062 omnia
935 3022 1027 3076 purata;
1044 3015 1154 3062 adcstcsd

197 3080 236 3133 ris,
254 3080 320 3126 alium
338 3080 426 3140 quidem
444 3079 577 3134 ceciderunt,
592 3079 659 3125 alium
691 3079 785 3140 nuptias.

196 3141 249 3191 reni
267 3143 410 3200 truciddrunt,
428 3144 495 3191 alium
513 3151 587 3190 autern
604 3143 658 3205 lapi·
724 3147 740 3190 5
757 3142 793 3190 Illi
811 3150 885 3190 autem
900 3159 968 3203 quum
984 3144 1025 3190 lroc
1041 3143 1152 3205 neglexis-

197 3205 283 3254 drirunt.
691 3214 748 3262 sent,
760 3208 865 3262 abierunt,
877 3208 934 3254 alius
944 3206 1032 3267 quidem
1043 3208 1066 3252 in
1075 3223 1155 3269 agrum

228 3277 260 3320 55
278 3273 377 3319 llursum
389 3273 449 3317 misit
455 3272 510 3317 aiios
522 3288 598 3318 servos
608 3271 658 3332 plu·
691 3286 763 3324 suum,
771 3267 887 3318 aliusverd
895 3271 1075 3316 admercaturam
1085 3285 1145 3319 stiam

197 3352 231 3384 res
241 3338 356 3396 prioribus,
368 3344 391 3382 et
401 3337 501 3382 fecerunt
512 3337 544 3381 eis
555 3336 637 3382 itidem.
724 3340 740 3381 6
756 3334 846 3394 Reliqui
868 3331 922 3380 verd
938 3334 1061 3392 prehensos
1077 3345 1157 3382 oert'o‘

227 3405 258 3446 57
278 3398 395 3446 Postremd
409 3407 484 3446 autem
502 3400 562 3444 misit
578 3400 605 3444 sd
622 3415 661 3446 eos
691 3398 739 3460 ejus
750 3398 889 3444 contumeliis
905 3396 1031 3453 affecerunt,
1047 3404 1070 3444 et
1087 3399 1151 3445 truci¹

198 3461 265 3510 ilium
277 3479 347 3518 suum,
359 3465 441 3519 dicens,
454 3463 659 3510 Reverebunturii·
692 3460 779 3508 dicunt.

141 3530 144 3538 “
199 3531 250 3575 ium
261 3543 342 3574 meum.
724 3526 809 3574 'tRex
820 3535 900 3580 autem,
912 3540 981 3587 quum
996 3527 1038 3573 doc
1052 3526 1154 3582 audisset

228 3594 259 3637 38
277 3591 398 3652 Agricolae
409 3589 462 3638 verri
480 3592 529 3638 viso
540 3590 585 3637 filio
597 3591 660 3638 rtixe·
691 3591 760 3637 iratus
771 3597 820 3647 est3
837 3600 867 3646 et,
876 3592 949 3638 missis
960 3592 1029 3652 copiis
1040 3591 1086 3637 ruis
1103 3605 1155 3652 per·

199 3662 249 3702 nuit
259 3655 317 3700 inter
328 3671 358 3710 se,
368 3654 414 3703 lste
423 3664 457 3702 est
468 3657 561 3712 haaren
578 3657 660 3710 adeste,
692 3655 747 3702 didit
757 3655 878 3702 homicidas
889 3657 945 3710 illos,
957 3665 980 3702 et
991 3656 1067 3702 urbem
1078 3668 1155 3702 conus

198 3719 331 3765 trucidemus
339 3735 397 3774 eum,
414 3727 437 3767 et
453 3724 592 3767 obnneamos
607 3721 660 3767 hae·
692 3719 797 3766 incendit.

199 3784 310 3830 reditatem
322 3784 376 3844 ejus
423 3849 454 3892 w
726 3787 740 3828 8
757 3783 823 3830 Tunc
840 3785 892 3831 dicit
909 3799 978 3831 sersus
994 3785 1046 3834 suis.
1058 3781 1145 3846 Nuptis
