2720 4312
456 426 479 468 2.
497 419 548 468 AD
560 419 781 478 cortiNTfflos,
805 423 851 470 IX.

166 527 292 576 sedissem
302 529 418 591 copiosam
426 527 587 590 bmipnitatern
600 527 634 590 ip·
665 527 712 604 'liti
734 527 812 576 indidit
832 530 890 576 idem
909 497 1005 576 stmiium
1025 545 1067 593 pro
1087 543 1120 578 ea

166 609 292 702 wrgmiiam
304 673 344 717 pro
355 656 441 702 viribus
459 652 553 717 (testor)
570 663 636 715 atque
666 593 729 703 bui?
748 654 816 709 Qudd
827 666 874 704 tum
885 657 1060 704 exhortationem
1069 658 1127 706 illu

170 736 234 784 supro
243 722 302 766 vires
313 718 557 779 voluntariifirerunt:
665 729 752 781 gratam
764 722 843 771 babuit,
859 729 906 767 tum
918 719 971 768 verti
982 724 1065 784 majore
1081 729 1128 768 stu·

201 788 217 828 4
235 783 316 830 Multis
324 798 375 828 cum
387 784 490 843 precibus
501 797 542 828 nos
554 797 635 843 rogen·
666 785 703 830 dio
712 784 769 830 uitro
781 785 809 831 ed
819 777 860 831 vde
871 786 912 831 iter
923 786 1025 846 suscepit.

171 859 211 902 tes,
228 856 253 893 ut
266 849 323 892 hano
338 847 508 893 beneficentiam
526 853 549 891 et
566 847 636 891 socie·
701 847 853 894 remisimus
872 856 945 894 autem
965 846 1008 895 uni
1030 865 1081 894 cum
1102 864 1128 896 eo

172 920 240 958 utem
250 913 316 972 bajus
325 911 439 956 ministerii
448 917 575 956 sanctorum
583 925 636 955 osu·
667 910 756 956 fratrem
768 912 836 964 illum,
848 914 911 972 cujus
921 911 968 958 laus
979 920 1013 958 est
1023 927 1046 958 m
1060 928 1129 959 eran·

173 973 323 1028 &adcundi
333 975 355 1019 in
367 989 409 1020 nos
420 974 573 1033 reciperemus.
666 975 727 1036 gelio
738 990 777 1036 per
788 990 865 1020 omues
875 975 992 1020 ecclesias:

205 1041 221 1084 5
237 1038 273 1083 Ac
282 1053 326 1084 non
338 1045 403 1097 prout
411 1038 551 1098 sperabamus
560 1038 593 1082 ito
597 1034 637 1098 se·
703 1041 732 1085 19
749 1037 800 1083 Ne'c
811 1035 921 1091 idsoitim,
933 1039 1045 1084 sedetiam
1053 1038 1129 1085 suffra·

173 1110 261 1154 rerunt,
289 1101 327 1146 sed
350 1102 480 1160 semetipsos
507 1100 637 1146 dediderunt
668 1101 712 1162 giis
730 1101 828 1147 delectus
844 1108 878 1147 est
895 1103 923 1147 ab
938 1102 1037 1148 ecclesiir
1058 1104 1131 1149 tocius

174 1163 270 1228 primum
283 1165 390 1218 Domino,
400 1167 483 1210 deinde
493 1171 516 1210 et
527 1163 589 1210 nobis
600 1179 639 1225 per
669 1165 852 1226 peregrinationis
862 1173 957 1218 nostrae,
974 1179 1024 1210 cum
1036 1162 1077 1212 tte
1092 1166 1130 1212 be

177 1229 222 1275 Dei
234 1229 383 1274 voiuntatemr
670 1226 785 1274 neiicentii
795 1243 851 1288 quae
862 1229 1025 1275 administretur
1037 1243 1050 1276 a
1061 1229 1129 1284 nobie,

207 1298 223 1339 6
242 1291 275 1338 Ut
286 1293 450 1338 adhorterernur
458 1289 542 1344 Trium,
552 1298 577 1337 ut
584 1289 640 1336 sieut
669 1291 774 1352 adipsius
786 1291 879 1338 Domini
890 1292 1130 1354 gloriametcmnpro·

175 1353 318 1416 antecoepit,
339 1355 447 1402 itsetiam
465 1355 563 1401 nbwlrst
581 1354 639 1416 opud
669 1356 769 1402 Modum
796 1365 922 1417 promptum
952 1356 1049 1402 animum
1080 1372 1129 1403 ves·

176 1436 218 1466 uos
228 1422 285 1466 banc
295 1434 381 1479 quoque
391 1417 564 1465 beneficentiam.
669 1427 741 1465 trum:

210 1488 224 1531 7
242 1482 321 1542 ltaque
328 1485 388 1536 ‚sicut
401 1483 504 1529 omnibus
519 1481 639 1534 abundatis,
702 1487 734 1529 20
752 1481 853 1529 Vttaates
864 1484 913 1538 boc,
930 1483 1007 1545 nequis
1018 1499 1059 1530 nos
1070 1485 1130 1530 vitu·

177 1563 257 1606 smnpe
266 1547 316 1600 tide,
328 1557 350 1592 et
361 1561 471 1599 sermone,
482 1553 506 1592 et
516 1543 600 1598 notitiis,
617 1554 641 1591 et
669 1553 731 1608 peret
742 1547 765 1592 in
774 1545 816 1594 brie
825 1549 922 1594 ubertate
930 1563 986 1609 quae
993 1549 1131 1596 administro·

176 1612 238 1658 omui
249 1610 328 1661 studio,
347 1617 370 1655 et
381 1607 455 1655 vestri
470 1610 492 1654 ia
511 1624 552 1654 nos
567 1609 639 1655 chari·
670 1612 818 1657 turauobis:

177 1683 229 1728 tate,
250 1676 322 1721 videte
344 1682 368 1720 ut
389 1671 431 1719 ate
454 1688 542 1734 quoque
568 1669 640 1734 gratiis
703 1679 731 1720 nt
752 1674 1130 1736 thuiprocuremusbonestsnon

177 1739 299 1784 abundetis.
671 1736 742 1787 solum
754 1754 828 1784 coram
838 1739 946 1791 Domino,
964 1739 1003 1783 sed
1013 1739 1078 1784 etiam
1092 1754 1131 1782 co·

211 1806 227 1846 8
243 1801 297 1848 Non
309 1815 337 1848 ex
348 1801 439 1861 imperio
448 1799 533 1860 loquor,
550 1800 589 1845 sed
600 1799 641 1845 nii·
671 1816 718 1847 ram
729 1802 861 1846 bominibus.

178 1881 242 1911 orum
254 1866 332 1917 studio,
350 1875 436 1910 vestrae
452 1879 539 1924 quoque
556 1864 640 1909 dilecti·
704 1869 735 1910 22
753 1864 857 1909 Misimus
878 1872 951 1908 autem
970 1877 1021 1908 curn
1038 1863 1071 1909 eis
1087 1861 1130 1908 ira·

177 1930 228 1976 onis
248 1929 394 1975 sinceritatem
422 1928 514 1974 reddens
541 1928 649 1999 explora·
672 1943 728 1974 trem
739 1936 846 1980 nostrum,
857 1941 923 1987 quem
938 1941 1002 1987 saepe
1018 1927 1041 1972 in
1058 1926 1133 1973 multis

179 2003 232 2038 tarn.
671 1992 811 2054 probavimus
830 1992 958 2043 studiosum,
979 2004 1038 2035 nuno
1059 1996 1133 2036 nutem

213 2062 227 2104 9
244 2055 321 2102 Ndstis
331 2057 390 2102 enim
406 2054 571 2102 beneficentiam
590 2053 642 2100 Do·
672 2056 741 2102 multo
753 2055 912 2108 studiosiorem,
925 2053 1132 2101 obmultamnrearn

178 2121 233 2167 ruini
241 2121 310 2166 nostri
317 2119 371 2167 iesu
382 2118 472 2173 Christi,
480 2133 531 2164 eum
540 2119 642 2166 uidelicet
673 2119 774 2166 fiduciam
785 2120 808 2165 in
820 2119 888 2164 vobis.

179 2191 269 2245 propter
288 2199 329 2229 vos
348 2199 464 2244 pauperem
483 2182 566 2228 sactum
585 2198 640 2236 esse,
704 2188 735 2229 25
752 2184 804 2229 Sive
815 2183 842 2229 de
853 2182 906 2228 Tito
917 2184 1044 2242 quaeritur,
1061 2181 1133 2227 socius

180 2263 248 2308 quum
260 2255 318 2293 esset
328 2248 395 2298 diues,
414 2254 439 2292 ut
455 2261 496 2292 vos
512 2246 570 2292 illius
586 2261 641 2308 pau-
671 2263 734 2293 meus
744 2254 783 2299 est,
802 2254 826 2291 et
836 2247 893 2306 apud
910 2260 950 2290 vos
966 2246 1068 2306 adjutorz
1087 2246 1134 2290 sius

181 2318 265 2372 pertore
273 2311 413 2357 ditesceretis.
671 2312 699 2357 de
710 2310 811 2356 fratribus
822 2309 909 2360 nostris
921 2308 988 2368 legati
999 2315 1053 2354 sant
1061 2308 1133 2353 eccie-

216 2379 246 2420 10
262 2375 295 2420 Et
305 2375 435 2420 sententiam
449 2370 476 2419 ei
490 2373 513 2418 in
528 2389 552 2420 re
568 2389 641 2420 meum
672 2375 760 2425 siarum,
772 2380 793 2418 et
804 2372 875 2433 glorie
883 2370 973 2418 Christi.

161 2439 240 2490 edo:
265 2453 315 2484 nam
334 2439 377 2484 hoo
395 2437 457 2484 vobis
475 2437 584 2491 conducit
605 2436 642 2496 qui
704 2441 735 2482 24
753 2435 831 2495 Itaque
852 2432 1060 2480 demonstrationem
1082 2434 1134 2480 ebs·

183 2517 227 2548 non
246 2499 317 2547 solium
335 2501 415 2553 iacere,
437 2499 477 2546 secl
497 2501 563 2546 etism
585 2501 643 2548 velle
672 2501 741 2546 sitatis
750 2509 842 2551 vestrae,
852 2506 874 2544 et
882 2497 1075 2544 nostreedevobis
1083 2497 1134 2559 glo·

181 2562 234 2612 ante
245 2566 347 2626 coepistis
358 2579 417 2610 enno
428 2564 547 2626 superiore.
673 2563 776 2617 riationis,
796 2563 853 2609 edite
870 2563 892 2608 in
911 2577 956 2616 eos,
976 2561 998 2608 ia
1016 2569 1134 2624 conspectu

216 2633 242 2674 ll
262 2630 295 2675 At
305 2644 364 2674 nunc
375 2629 441 2674 etiam
452 2627 505 2673 iliud
522 2628 593 2688 ipsum
609 2627 643 2672 ia·
672 2628 820 2674 eceiesiarum.

182 2708 232 2740 cere
258 2693 380 2738 absolvite:
416 2699 446 2746 ut,
479 2691 536 2736 sicut
567 2689 644 2751 adficit

182 2755 447 2818 promptumilludrelle,
464 2756 494 2800 ita
504 2758 569 2800 etism
584 2756 644 2800 adsit
836 2753 909 2802 CAP.
933 2753 980 2801 ix.

182 2819 646 2942 ‘dimittedimitte
738 2819 988 2935 ‘'thirtttttss,
1005 2825 1135 2941 ἴιῖξέωὲἓὲῗ

183 2947 276 2999 enirnus,
295 2946 373 3006 aliquis
391 2953 494 3006 acceptus
511 2952 543 2991 est
561 2959 601 3005 pro
618 2959 645 2990 eo
676 2962 742 2992 neum
753 2953 787 2992 est
797 2947 849 2990 mihi
862 2946 955 2990 scribere
966 2943 1035 2988 vobis.

183 3011 244 3070 quod
251 3011 321 3065 hebet,
334 3024 378 3056 uon
390 3025 430 3071 pro
441 3025 468 3054 eo
479 3009 539 3069 quod
549 3023 594 3054 uon
605 3009 639 3055 hu·
708 3014 724 3055 2
740 3009 801 3055 Novi
819 3009 877 3054 enim
896 3012 1022 3066 promptum
1039 3005 1135 3050 animum

185 3076 229 3122 bet.
676 3080 782 3125 restrum,
798 3085 864 3131 quem
880 3069 908 3114 de
923 3068 985 3113 vobis
998 3067 1061 3126 jecto
1079 3068 1136 3126 apud

219 3143 249 3184 13
265 3137 320 3184 Non
331 3137 391 3183 enim
402 3131 453 3184 dr't'a
464 3143 489 3181 ut
499 3137 547 3182 aliis
561 3136 594 3181 sit
610 3150 646 3180 re·
677 3136 821 3186 Macedones,
833 3132 947 3184 Achaiam,
959 3128 1061 3175 videlicet
1072 3145 1136 3191 paro·

185 3203 267 3256 missio,
283 3202 348 3248 vobis
358 3208 432 3247 autem
442 3200 546 3246 afflietio:
567 3199 605 3244 sed
621 3207 647 3245 ut
677 3208 722 3246 tam
733 3213 782 3244 esse
798 3197 825 3242 ab
842 3211 901 3242 enno
921 3191 1051 3254 superiores
1070 3200 1093 3239 et
1109 3206 1136 3240 ea

186 3266 233 3328 peri
251 3265 378 3311 conditione
396 3265 439 3309 bae
456 3270 556 3323 tempore
574 3270 648 3308 restra
678 3263 741 3309 vobis
761 3269 825 3307 ortus
844 3259 907 3305 zelus
925 3256 1055 3319 provocavit
1076 3271 1126 3303 com

186 3329 317 3376 abmrdantia
327 3329 430 3387 suppleat
442 3327 500 3386 quod
511 3326 554 3371 iliis
568 3324 648 3371 deest?
677 3327 758 3388 plures.

221 3397 250 3437 14
269 3392 303 3438 Ut
313 3403 336 3438 et
347 3391 433 3437 illorum
449 3389 580 3436 abundantia
590 3389 649 3448 quod
710 3393 726 3434 3
743 3387 798 3434 Misi
809 3394 882 3432 autem
893 3386 934 3430 hos
945 3382 1029 3435 fratres,
1049 3397 1078 3428 ne
1088 3382 1127 3444 glo

187 3457 249 3502 vobis
260 3457 322 3502 deest
331 3454 438 3516 suppleat,
459 3461 484 3498 ut
494 3453 531 3498 fiat
547 3452 648 3512 soqunbi-
679 3454 742 3498 riatio
753 3460 829 3496 nostra
839 3451 866 3496 de
878 3449 939 3494 vobis
956 3446 1026 3492 inanis
1043 3444 1080 3492 fist
1099 3443 1138 3494 hiso

189 3519 243 3566 iiras.
680 3518 702 3562 in
723 3525 791 3576 parte,
814 3520 845 3567 ut,
867 3513 924 3558 sicut
945 3509 1050 3564 dicebam,
1071 3510 1140 3572 parati

222 3586 251 3629 15
269 3583 331 3629 Sicut
340 3582 445 3642 scriptum
453 3587 493 3632 est,
503 3578 649 3633 Quimultum
680 3580 734 3634 sitis.

189 3647 284 3706 eollegit,
296 3645 346 3706 pius
357 3660 403 3691 non
414 3644 503 3690 babuitt
521 3643 650 3704 etquipou·
713 3647 730 3686 4
746 3640 783 3686 Ne
794 3655 838 3700 quo
848 3638 922 3692 modo,
939 3637 957 3682 si
968 3651 1055 3683 meeum
1071 3653 1140 3685 rene·

190 3709 242 3764 itm,
253 3710 328 3756 minus
338 3723 384 3754 non
395 3707 476 3754 habuit
682 3707 727 3752 rint
746 3703 890 3756 Macedones,
907 3707 930 3747 et
948 3700 1079 3748 offenderint
1100 3715 1140 3747 vos

225 3777 253 3820 16
270 3772 352 3821 Grotin
363 3767 419 3882 vers}
426 3772 456 3817 sit
468 3769 526 3821 Deo,
544 3769 580 3830 qui
599 3769 652 3815 ordi
683 3773 808 3830 imparatos,
830 3781 871 3813 nor
892 3763 1027 3829 pudefiamus
1051 3768 1087 3828 (ut
1113 3779 1139 3810 ae
