2720 4312
378 431 403 474 ἱ.
421 425 472 474 AD
482 423 842 482 THESSALONICENSES.
861 426 929 483 th

317 815 467 876 PAULI
492 813 728 876 APOSTOLI
754 817 988 882 EPISTOLA

249 937 313 996 AD
342 933 805 998 THESALONicENSES
828 935 1063 999 SECUNDA.

340 1097 415 1148 CAP.
439 1097 459 1146 1.
668 1097 778 1159 complent
789 1113 878 1144 omnem
894 1114 950 1146 ruas
962 1100 1067 1149 bonitatis
1081 1116 1131 1164 gre·

164 1163 345 1284 PAULUS.
357 1172 381 1211 et
392 1163 502 1217 Silvanus,
517 1168 541 1209 et
556 1159 636 1209 'limo-
669 1162 747 1208 tuitem
766 1163 948 1219 bnevoiontiem,
967 1172 990 1210 et
1009 1179 1066 1227 opur
1083 1165 1127 1214 Μ·

242 1227 422 1276 theuseoolesiee
430 1226 636 1274 'I'hernloniosnsi-
668 1233 785 1288 potenterr

161 1290 506 1406 addititii
519 1297 637 1345 mm
668 1288 1134 1410 „diditiiiiitfflt

193 1423 312 1469 2Grstrs
329 1423 360 1467 sit
377 1421 476 1466 robiret
491 1433 536 1482 pex
552 1433 566 1464 ιι
583 1416 636 1464 Dso
667 1415 829 1480 soexgrrtii
844 1418 890 1466 Dei
906 1420 983 1475 nostri.
1000 1426 1023 1467 et
1038 1417 1133 1468 Domini

164 1484 234 1534 Putre
245 1493 331 1540 nostro,
342 1492 366 1532 et
378 1483 479 1530 Domino
487 1482 544 1531 Jesu
557 1480 635 1530 (λιτὴ-
668 1480 725 1532 Jesu
737 1481 828 1530 Christi.

162 1561 192 1597 io·

194 1619 212 1660 3
225 1613 317 1661 Gratias
323 1612 504 1674 egeredebemus
514 1610 634 1658 Βωκω-
833 1609 908 1659 CAP.
931 1610 966 1660 11.

163 1694 202 1740 prr
213 1679 243 1725 de
253 1679 324 1732 vobis,
335 1679 421 1729 fratres,
433 1685 458 1722 ut
470 1691 508 1737 per
518 1682 559 1729 ert.
575 1671 636 1735 qudd
730 1674 878 1722 OGAMUS
892 1684 966 1722 eutem
982 1691 1030 1730 vos,
1045 1676 1132 1733 iratres,

163 1745 311 1790 vehementer
322 1747 429 1802 sugerent
444 1739 499 1786 fides
515 1745 595 1793 rutro.
612 1744 636 1785 et
761 1754 801 1799 per
817 1740 937 1785 adrentum
949 1740 1044 1786 Domini
1061 1744 1131 1788 nostri

163 1807 262 1854 rbuudet
277 1813 355 1853 mutuo
371 1805 544 1866 uniuscujusque
560 1802 633 1849 omni·
666 1801 723 1851 Jesu
735 1799 825 1856 Christi.
837 1809 860 1848 et
870 1803 940 1848 nostri
951 1803 979 1848 sd
987 1817 1038 1848 eum
1049 1818 1131 1865 eggre-

164 1887 203 1918 um
215 1870 315 1917 vestrim
326 1869 436 1916 chorites:
666 1866 788 1928 petionem,

198 1931 298 1981 sedes
309 1941 335 1982 ut
345 1948 387 1979 nos
403 1932 444 1993 ipsi
461 1931 489 1978 de
505 1929 568 1977 vobis
583 1929 635 1992 gio·
701 1934 716 1975 2
733 1929 772 1975 Ne
790 1925 835 1974 citd
849 1943 863 1975 s
878 1937 953 1975 mente
971 1928 1132 1985 dimoveamini,

165 1996 430 2059 dernurapudecoiesiss
448 1994 500 2050 Dei,
512 1997 538 2042 id
553 2002 593 2048 est,
609 1993 637 2040 ds
668 2009 741 2054 neque
751 1992 883 2046 terreamini,
892 2007 964 2053 neque
974 2008 1014 2055 per
1024 1993 1132 2053 spiritum,

15 2045 17 2052 y
90 2065 92 2070 '
165 2061 283 2110 tolerentii
305 2059 379 2108 vestri
395 2067 418 2107 et
434 2059 477 2106 fido
493 2060 516 2106 in
533 2058 635 2104 omnibus
666 2073 738 2118 neque
748 2073 788 2118 per
799 2072 932 2112 sermonem,
942 2072 1014 2118 neque
1023 2072 1063 2118 per
1073 2059 1132 2120 epis·

166 2127 370 2190 persequutionibus
381 2125 495 2172 nostriset
509 2121 634 2170 afflictioni·
666 2122 735 2169 tolum
756 2130 860 2182 tanquam
882 2136 921 2182 per
948 2137 990 2168 nos
1015 2123 1131 2184 arreptam.

165 2194 205 2238 bus
216 2207 271 2253 ques
282 2190 394 2238 toleretis:
666 2186 729 2248 quusi
740 2186 807 2232 instet
817 2185 864 2232 dies
874 2185 911 2232 iile
923 2183 1014 2234 Christi.

197 2259 213 2303 5
232 2257 350 2308 Quaeres
365 2251 524 2300 demonstratio
540 2256 574 2296 ert
580 2249 635 2312 justi
700 2254 717 2296 ³
733 2249 820 2310 Nequit
831 2265 872 2294 vos
886 2249 977 2296 seducet
992 2249 1038 2294 ullo
1049 2250 1130 2298 modo:

167 2320 244 2382 judicii
257 2319 310 2373 Dei,
318 2326 343 2365 ut
354 2317 415 2378 digni
427 2315 549 2362 habeamini
562 2329 631 2376 reguo
662 2329 709 2360 non
720 2313 780 2360 euim
794 2313 899 2358 adveniet
913 2315 962 2359 dier
975 2315 1067 2359 Cir-isti.
1078 2314 1132 2374 quin

168 2384 218 2434 Dei.
231 2399 272 2445 pro
282 2397 327 2443 qun
335 2382 402 2429 etism
413 2382 458 2427 isto
469 2378 583 2441 potimini:
663 2379 751 2423 venerit
765 2375 860 2422 deiectio
876 2373 943 2436 priris,
954 2382 978 2421 et
988 2383 1084 2422 retectus
1094 2378 1131 2423 fu·

197 2453 213 2494 6
231 2447 436 2508 Siquidemjustum
444 2451 479 2491 est
487 2442 545 2504 spud
554 2441 631 2488 Deum
663 2442 707 2488 erit
717 2442 785 2486 homo
796 2439 832 2486 ilie
843 2440 933 2501 peccati,
948 2437 1014 2493 iilius,
1026 2441 1130 2501 inquam,

166 2513 262 2558 vicissim
274 2511 365 2557 reddere
376 2510 403 2556 iis
418 2509 456 2570 qui
469 2508 573 2569 ediigrmt
584 2521 631 2561 ros,
664 2505 701 2551 ille
711 2504 846 2564 perditionis,

166 2577 323 2622 afflictionem:
696 2573 713 2614 4
730 2569 784 2615 Sese
803 2581 917 2629 opponens
939 2567 976 2614 iile
994 2573 1018 2614 et
1036 2567 1130 2614 ederent

197 2645 211 2689 7
230 2639 301 2686 Vobis
312 2634 551 2698 vemquieffligimini
560 2634 632 2680 relax·
663 2629 770 2680 sdversds
785 2632 889 2693 quicquid
904 2632 983 2678 dicitur
1003 2631 1075 2688 Deus,
1092 2641 1130 2680 sut

165 2704 262 2751 ationem
274 2703 395 2754 nobiscum,
405 2715 473 2761 quum
482 2698 571 2761 patefiet
581 2698 632 2744 Do·
664 2712 763 2743 numen:
782 2693 838 2744 oded
849 2706 873 2743 ut
884 2697 906 2744 in
923 2696 1007 2758 templo
1022 2696 1068 2744 Dei
1079 2705 1129 2744 tan·

166 2770 238 2827 minus
246 2765 487 2820 Jerusdecoelncum
495 2762 633 2824 engelissuis
664 2777 730 2822 quem
743 2760 808 2809 Deus
819 2761 899 2818 sedeat,
911 2775 964 2825 pree
980 2777 1004 2808 se
1014 2761 1088 2808 ferens
1105 2777 1129 2808 se

165 2834 298 2894 potentibus,
665 2842 713 2871 esse
725 2824 810 2873 Deum.

197 2895 290 2944 8Cum
310 2895 364 2956 igne
380 2889 632 2952 flammanteinssigens
696 2892 711 2936 5
736 2890 821 2936 Annon
844 2890 974 2936 meministis
996 2883 1039 2946 me‘,
1061 2903 1129 2950 quum

166 2961 272 3008 ultionem
283 2960 310 3006 iis
321 2959 359 3020 qui
368 2957 445 3004 Deum
457 2971 502 3002 uon
513 2963 631 3008 noverunt,
664 2953 735 2999 adhuc
753 2967 825 2999 essum
845 2953 903 3013 apud
921 2968 969 3006 vos,
985 2953 1028 2998 hoc
1048 2953 1130 2998 dixisse

166 3041 236 3086 neque
255 3023 381 3071 auscultent
399 3020 516 3083 evangelio
536 3017 630 3065 Domini
664 3016 746 3062 vobis?

166 3090 234 3136 nostri
244 3087 302 3136 Jesu
314 3085 412 3134 Christi:
697 3085 712 3127 6
729 3079 798 3126 Nunc
810 3073 863 3123 vsrd
873 3075 926 3137 quid
934 3076 1006 3123 obstet
1018 3075 1094 3131 ndstis,
1104 3086 1129 3125 ut
1215 3133 1226 3138 -

196 3157 212 3202 9
229 3152 275 3207 Qui
287 3165 382 3212 posnm
394 3148 490 3210 pendent
497 3145 579 3194 oeterni
592 3159 632 3190 ex·
665 3145 684 3190 is
696 3159 736 3190 suo
747 3151 847 3203 tempore
859 3147 977 3201 retegatur.

165 3217 202 3270 tir.
214 3217 302 3277 sepulti
313 3213 392 3260 sisois
404 3212 498 3258 Domini
510 3218 533 3256 et
541 3225 554 3255 a
562 3207 634 3270 gloriis
699 3211 713 3255 7
729 3206 783 3255 Jom
799 3205 858 3250 enim
875 3204 989 3266 peragitur
1001 3203 1131 3264 mysterium

164 3282 248 3329 roboris
259 3279 344 3340 ipsius:
667 3271 784 3332 impietatis
805 3271 885 3315 hu'us:
911 3265 997 3314 teutrim
1014 3268 1051 3329 qui
1072 3283 1130 3316 nuno

198 3349 229 3391 10
245 3337 324 3397 Quum
347 3347 432 3387 renent
454 3346 479 3384 ut
498 3336 634 3399 glorificetur
666 3337 744 3388 obstet.
767 3285 861 3380 sinadit
881 3333 1002 3393 usquedum
1024 3347 1037 3379 e
1058 3333 1130 3381 medic

165 3408 187 3456 in
198 3408 281 3455 sanctis
293 3405 345 3458 suis,
360 3412 383 3450 et
399 3404 540 3450 admirendus
556 3399 594 3446 fiat
611 3401 633 3446 in
666 3397 847 3446 subintusiuerit.

167 3468 418 3520 tredentibusomnibus
435 3464 506 3529 (qudd
521 3465 576 3511 fides
593 3465 632 3510 ha·
699 3468 713 3508 8
731 3463 763 3509 Et
782 3468 835 3508 tune
853 3465 965 3521 retegetur
985 3459 1069 3521 impius
1089 3460 1129 3516 ille,

165 3537 209 3584 sits
232 3535 300 3582 suerit
322 3532 448 3578 testimonio
471 3540 549 3576 nostro
576 3528 633 3588 apud
665 3543 731 3588 quern
747 3525 860 3571 Dominus
876 3524 976 3570 conficiet
994 3525 1071 3585 spiritu
1087 3526 1131 3572 orit

166 3598 218 3659 vos)
230 3599 254 3644 in
266 3598 302 3643 die
313 3596 359 3641 ilio.
666 3592 706 3644 sui.
729 3599 752 3637 et
778 3589 857 3635 illustri
879 3589 975 3634 adventu
998 3604 1039 3635 suo
1058 3589 1131 3636 mne-

199 3666 226 3708 11
249 3660 321 3722 Cujus
337 3659 403 3706 etism
421 3657 452 3704 rei
469 3653 541 3718 gratiis
556 3670 633 3716 preca·
666 3657 712 3701 bit:

169 3743 215 3772 :nur
228 3738 316 3785 semper
328 3738 368 3784 pro
379 3723 448 3774 uobis.
461 3730 485 3767 ut
501 3735 543 3767 vos
553 3719 632 3778 digne·
699 3725 714 3766 9
731 3718 809 3770 Illum,
825 3717 928 3777 inquam,
943 3721 1007 3780 cujus
1023 3718 1130 3765 adventus

167 3806 202 3836 uu
218 3786 263 3836 isui
284 3787 400 3833 voostione
421 3787 485 3832 Deus
507 3794 589 3834 noster.
611 3790 634 3828 et
666 3792 739 3830 estex
750 3781 879 3832 offimcitete
891 3779 992 3838 Sauone,
1006 3798 1058 3830 cunr
1069 3796 1130 3828 umor

360 3851 408 3901 2:³3
