<?xml version="1.0" encoding="UTF-8"?>
<!DOCTYPE html PUBLIC "-//W3C//DTD XHTML 1.0 Transitional//EN"
    "http://www.w3.org/TR/xhtml1/DTD/xhtml1-transitional.dtd">
<html xmlns="http://www.w3.org/1999/xhtml" xml:lang="en" lang="en">
 <head>
  <title>
</title>
<meta http-equiv="Content-Type" content="text/html;charset=utf-8" />
  <meta name='ocr-system' content='tesseract 3.04.00' />
  <meta name='ocr-capabilities' content='ocr_page ocr_carea ocr_par ocr_line ocrx_word'/>
</head>
<body>
  <div class='ocr_page' id='page_1' title='image "./novumtestamentu03unkngoog_0248.png"; bbox 0 0 2720 4312; ppageno 0'>
   <div class='ocr_carea' id='block_1_1' title="bbox 566 423 860 474">
    <p class='ocr_par' dir='ltr' id='par_1_1' title="bbox 566 423 860 474">
     <span class='ocr_line' id='line_1_1' title="bbox 566 423 860 474; baseline 0 0"><span class='ocrx_word' id='word_1_1' title='bbox 566 425 672 474; x_wconf 82' lang='lat' dir='ltr'><strong>PAULI</strong></span> <span class='ocrx_word' id='word_1_2' title='bbox 690 423 860 474; x_wconf 77' lang='lat' dir='ltr'><strong>EPISTULA</strong></span> 
     </span>
    </p>
   </div>
   <div class='ocr_carea' id='block_1_2' title="bbox 232 533 1198 1032">
    <p class='ocr_par' dir='ltr' id='par_1_2' title="bbox 232 533 1197 841">
     <span class='ocr_line' id='line_1_2' title="bbox 266 533 1189 596; baseline 0.002 -14"><span class='ocrx_word' id='word_1_3' title='bbox 266 541 295 582; x_wconf 84' lang='grc'><strong>16</strong></span> <span class='ocrx_word' id='word_1_4' title='bbox 312 533 381 591; x_wconf 82' lang='lat' dir='ltr'><strong>Qudd</strong></span> <span class='ocrx_word' id='word_1_5' title='bbox 400 536 468 596; x_wconf 88' lang='lat' dir='ltr'><strong>siquis</strong></span> <span class='ocrx_word' id='word_1_6' title='bbox 487 534 557 582; x_wconf 83' lang='lat' dir='ltr'><strong>tidelis</strong></span> <span class='ocrx_word' id='word_1_7' title='bbox 575 541 613 581; x_wconf 87' lang='lat' dir='ltr'><strong>aut</strong></span> <span class='ocrx_word' id='word_1_8' title='bbox 631 534 694 594; x_wconf 86' lang='lat' dir='ltr'><strong>siqua</strong></span> <span class='ocrx_word' id='word_1_9' title='bbox 760 534 1057 595; x_wconf 65' lang='lat' dir='ltr'><strong>4Isturgeanilrilseiens,</strong></span> <span class='ocrx_word' id='word_1_10' title='bbox 1066 537 1189 586; x_wconf 69' lang='lat' dir='ltr'><strong>sedissem</strong></span> 
     </span>
     <span class='ocr_line' id='line_1_3' title="bbox 232 598 1195 660; baseline 0.003 -13"><span class='ocrx_word' id='word_1_11' title='bbox 232 599 301 647; x_wconf 77' lang='lat' dir='ltr'><strong>laetis</strong></span> <span class='ocrx_word' id='word_1_12' title='bbox 322 601 388 646; x_wconf 85' lang='lat' dir='ltr'><strong>habet</strong></span> <span class='ocrx_word' id='word_1_13' title='bbox 408 600 492 654; x_wconf 84' lang='lat' dir='ltr'><strong>viduas,</strong></span> <span class='ocrx_word' id='word_1_14' title='bbox 515 599 535 645; x_wconf 85' lang='lat' dir='ltr'><strong>ei</strong></span> <span class='ocrx_word' id='word_1_15' title='bbox 557 599 696 660; x_wconf 82' lang='lat' dir='ltr'><strong>suppeditato</strong></span> <span class='ocrx_word' id='word_1_16' title='bbox 729 613 769 644; x_wconf 88' lang='lat' dir='ltr'><strong>ens</strong></span> <span class='ocrx_word' id='word_1_17' title='bbox 787 598 846 644; x_wconf 81' lang='lat' dir='ltr'><strong>eirea</strong></span> <span class='ocrx_word' id='word_1_18' title='bbox 866 601 1006 658; x_wconf 77' lang='lat' dir='ltr'>quaestiones</span> <span class='ocrx_word' id='word_1_19' title='bbox 1028 617 1054 646; x_wconf 88' lang='lat' dir='ltr'><strong>ae</strong></span> <span class='ocrx_word' id='word_1_20' title='bbox 1077 604 1195 650; x_wconf 79' lang='lat' dir='ltr'><strong>verborum</strong></span> 
     </span>
     <span class='ocr_line' id='line_1_4' title="bbox 232 664 1197 726; baseline 0.006 -19"><span class='ocrx_word' id='word_1_21' title='bbox 232 675 338 725; x_wconf 81' lang='lat' dir='ltr'><strong>quantum</strong></span> <span class='ocrx_word' id='word_1_22' title='bbox 355 665 442 717; x_wconf 79' lang='lat' dir='ltr'><strong>suflicit,</strong></span> <span class='ocrx_word' id='word_1_23' title='bbox 454 671 476 726; x_wconf 83' lang='lat' dir='ltr'><strong>et</strong></span> <span class='ocrx_word' id='word_1_24' title='bbox 488 679 533 709; x_wconf 90' lang='lat' dir='ltr'><strong>non</strong></span> <span class='ocrx_word' id='word_1_25' title='bbox 545 675 649 709; x_wconf 88' lang='lat' dir='ltr'><strong>onerator</strong></span> <span class='ocrx_word' id='word_1_26' title='bbox 659 678 696 708; x_wconf 89' lang='lat' dir='ltr'><strong>ee·</strong></span> <span class='ocrx_word' id='word_1_27' title='bbox 729 677 833 724; x_wconf 87' lang='lat' dir='ltr'><strong>pugnas;</strong></span> <span class='ocrx_word' id='word_1_28' title='bbox 850 676 879 708; x_wconf 84' lang='lat' dir='ltr'><strong>ex</strong></span> <span class='ocrx_word' id='word_1_29' title='bbox 895 664 973 723; x_wconf 84' lang='lat' dir='ltr'><strong>quibua</strong></span> <span class='ocrx_word' id='word_1_30' title='bbox 992 667 1090 712; x_wconf 84' lang='lat' dir='ltr'><strong>nascitur</strong></span> <span class='ocrx_word' id='word_1_31' title='bbox 1108 668 1197 722; x_wconf 83' lang='lat' dir='ltr'><strong>invidia,</strong></span> 
     </span>
     <span class='ocr_line' id='line_1_5' title="bbox 233 727 1181 790; baseline 0.002 -16"><span class='ocrx_word' id='word_1_32' title='bbox 233 728 306 781; x_wconf 80' lang='lat' dir='ltr'><strong>alesia,</strong></span> <span class='ocrx_word' id='word_1_33' title='bbox 325 737 349 773; x_wconf 91' lang='lat' dir='ltr'><strong>ut</strong></span> <span class='ocrx_word' id='word_1_34' title='bbox 361 729 387 773; x_wconf 87' lang='lat' dir='ltr'><strong>iis</strong></span> <span class='ocrx_word' id='word_1_35' title='bbox 398 743 454 788; x_wconf 86' lang='lat' dir='ltr'><strong>quae</strong></span> <span class='ocrx_word' id='word_1_36' title='bbox 465 743 531 774; x_wconf 88' lang='lat' dir='ltr'><strong>verae</strong></span> <span class='ocrx_word' id='word_1_37' title='bbox 546 727 626 773; x_wconf 84' lang='lat' dir='ltr'><strong>¹uiduae</strong></span> <span class='ocrx_word' id='word_1_38' title='bbox 646 733 698 773; x_wconf 86' lang='lat' dir='ltr'><strong>sunt</strong></span> <span class='ocrx_word' id='word_1_39' title='bbox 730 727 762 782; x_wconf 87' lang='lat' dir='ltr'><strong>lis,</strong></span> <span class='ocrx_word' id='word_1_40' title='bbox 774 727 946 782; x_wconf 81' lang='lat' dir='ltr'><strong>maledicentiae,</strong></span> <span class='ocrx_word' id='word_1_41' title='bbox 958 731 1093 790; x_wconf 80' lang='lat' dir='ltr'><strong>suspiciones</strong></span> <span class='ocrx_word' id='word_1_42' title='bbox 1104 733 1181 784; x_wconf 88' lang='lat' dir='ltr'><strong>malae,</strong></span> 
     </span>
     <span class='ocr_line' id='line_1_6' title="bbox 233 790 1196 841; baseline 0.001 -2"><span class='ocrx_word' id='word_1_43' title='bbox 233 793 353 839; x_wconf 59' lang='lat' dir='ltr'><strong>subveniat,</strong></span> <span class='ocrx_word' id='word_1_44' title='bbox 762 790 917 838; x_wconf 85' lang='lat' dir='ltr'><strong>5Perversae</strong></span> <span class='ocrx_word' id='word_1_45' title='bbox 936 795 1103 841; x_wconf 77' lang='lat' dir='ltr'>exercitationes</span> <span class='ocrx_word' id='word_1_46' title='bbox 1126 797 1196 841; x_wconf 83' lang='lat' dir='ltr'><strong>honri·</strong></span> 
     </span>
    </p>

    <p class='ocr_par' dir='ltr' id='par_1_3' title="bbox 234 855 1198 1032">
     <span class='ocr_line' id='line_1_7' title="bbox 266 855 1197 920; baseline 0.003 -18"><span class='ocrx_word' id='word_1_47' title='bbox 266 859 295 902; x_wconf 88' lang='grc'><strong>17</strong></span> <span class='ocrx_word' id='word_1_48' title='bbox 313 855 359 911; x_wconf 87' lang='lat' dir='ltr'><strong>Qui</strong></span> <span class='ocrx_word' id='word_1_49' title='bbox 378 857 434 903; x_wconf 83' lang='lat' dir='ltr'><strong>bene</strong></span> <span class='ocrx_word' id='word_1_50' title='bbox 450 863 555 918; x_wconf 74' lang='lat' dir='ltr'><strong>praesunt</strong></span> <span class='ocrx_word' id='word_1_51' title='bbox 570 855 698 918; x_wconf 84' lang='lat' dir='ltr'><strong>presbyteri,</strong></span> <span class='ocrx_word' id='word_1_52' title='bbox 731 868 785 901; x_wconf 90' lang='lat' dir='ltr'><strong>num</strong></span> <span class='ocrx_word' id='word_1_53' title='bbox 796 862 871 901; x_wconf 89' lang='lat' dir='ltr'><strong>mente</strong></span> <span class='ocrx_word' id='word_1_54' title='bbox 881 869 1042 918; x_wconf 85' lang='lat' dir='ltr'><strong>corruptorum,</strong></span> <span class='ocrx_word' id='word_1_55' title='bbox 1060 867 1082 904; x_wconf 86' lang='lat' dir='ltr'><strong>et</strong></span> <span class='ocrx_word' id='word_1_56' title='bbox 1099 861 1135 920; x_wconf 92' lang='lat' dir='ltr'><strong>qui</strong></span> <span class='ocrx_word' id='word_1_57' title='bbox 1154 862 1197 920; x_wconf 86' lang='lat' dir='ltr'><strong>pri·</strong></span> 
     </span>
     <span class='ocr_line' id='line_1_8' title="bbox 234 919 1198 1032; baseline 0.003 -65"><span class='ocrx_word' id='word_1_58' title='bbox 234 919 313 1032; x_wconf 39' lang='lat' dir='ltr'><strong>&amp;duci</strong></span> <span class='ocrx_word' id='word_1_59' title='bbox 325 922 410 966; x_wconf 88' lang='lat' dir='ltr'><strong>honore</strong></span> <span class='ocrx_word' id='word_1_60' title='bbox 417 921 478 982; x_wconf 88' lang='lat' dir='ltr'><strong>digni</strong></span> <span class='ocrx_word' id='word_1_61' title='bbox 486 922 609 978; x_wconf 87' lang='lat' dir='ltr'><strong>habentor;</strong></span> <span class='ocrx_word' id='word_1_62' title='bbox 626 920 698 966; x_wconf 84' lang='lat' dir='ltr'><strong>maxi·</strong></span> <span class='ocrx_word' id='word_1_63' title='bbox 731 920 776 966; x_wconf 80' lang='lat' dir='ltr'><strong>vati</strong></span> <span class='ocrx_word' id='word_1_64' title='bbox 788 927 840 966; x_wconf 87' lang='lat' dir='ltr'><strong>sunt</strong></span> <span class='ocrx_word' id='word_1_65' title='bbox 848 921 947 973; x_wconf 88' lang='lat' dir='ltr'><strong>veritate,</strong></span> <span class='ocrx_word' id='word_1_66' title='bbox 959 929 982 967; x_wconf 92' lang='lat' dir='ltr'><strong>et</strong></span> <span class='ocrx_word' id='word_1_67' title='bbox 1003 925 1101 982; x_wconf 86' lang='lat' dir='ltr'><strong>quaestui</strong></span> <span class='ocrx_word' id='word_1_68' title='bbox 1119 925 1198 970; x_wconf 87' lang='lat' dir='ltr'><strong>habenl</strong></span> 
     </span>
    </p>
   </div>
   <div class='ocr_carea' id='block_1_3' title="bbox 196 983 1234 3289">
    <p class='ocr_par' dir='ltr' id='par_1_4' title="bbox 233 983 1198 1097">
     <span class='ocr_line' id='line_1_9' title="bbox 281 983 1198 1050; baseline 0.003 -19"><span class='ocrx_word' id='word_1_69' title='bbox 281 985 319 1045; x_wconf 86' lang='lat' dir='ltr'><strong>qui</strong></span> <span class='ocrx_word' id='word_1_70' title='bbox 330 985 429 1032; x_wconf 79' lang='lat' dir='ltr'><strong>laborarit</strong></span> <span class='ocrx_word' id='word_1_71' title='bbox 445 986 467 1031; x_wconf 92' lang='lat' dir='ltr'><strong>in</strong></span> <span class='ocrx_word' id='word_1_72' title='bbox 488 1001 590 1032; x_wconf 87' lang='lat' dir='ltr'><strong>sermone</strong></span> <span class='ocrx_word' id='word_1_73' title='bbox 605 992 628 1032; x_wconf 86' lang='lat' dir='ltr'><strong>et</strong></span> <span class='ocrx_word' id='word_1_74' title='bbox 645 985 700 1030; x_wconf 89' lang='lat' dir='ltr'><strong>doe·</strong></span> <span class='ocrx_word' id='word_1_75' title='bbox 731 983 849 1045; x_wconf 84' lang='lat' dir='ltr'><strong>pietatem:</strong></span> <span class='ocrx_word' id='word_1_76' title='bbox 870 986 948 1031; x_wconf 83' lang='lat' dir='ltr'><strong>secede</strong></span> <span class='ocrx_word' id='word_1_77' title='bbox 958 987 985 1032; x_wconf 90' lang='lat' dir='ltr'><strong>ab</strong></span> <span class='ocrx_word' id='word_1_78' title='bbox 996 987 1021 1032; x_wconf 91' lang='lat' dir='ltr'><strong>iis</strong></span> <span class='ocrx_word' id='word_1_79' title='bbox 1038 989 1074 1047; x_wconf 87' lang='lat' dir='ltr'><strong>qni</strong></span> <span class='ocrx_word' id='word_1_80' title='bbox 1092 989 1198 1050; x_wconf 84' lang='lat' dir='ltr'><strong>ejusmod·</strong></span> 
     </span>
     <span class='ocr_line' id='line_1_10' title="bbox 233 1046 791 1097; baseline -0.007 0"><span class='ocrx_word' id='word_1_81' title='bbox 233 1046 298 1097; x_wconf 59' lang='lat' dir='ltr'><strong>elad.</strong></span> <span class='ocrx_word' id='word_1_82' title='bbox 733 1055 791 1093; x_wconf 77' lang='lat' dir='ltr'><strong>sunt.</strong></span> 
     </span>
    </p>

    <p class='ocr_par' dir='ltr' id='par_1_5' title="bbox 234 1110 1199 1304">
     <span class='ocr_line' id='line_1_11' title="bbox 270 1110 1197 1178; baseline 0.003 -19"><span class='ocrx_word' id='word_1_83' title='bbox 270 1116 299 1159; x_wconf 81' lang='lat'><strong>18</strong></span> <span class='ocrx_word' id='word_1_84' title='bbox 316 1111 381 1161; x_wconf 85' lang='lat' dir='ltr'><strong>Dicit</strong></span> <span class='ocrx_word' id='word_1_85' title='bbox 391 1114 450 1160; x_wconf 91' lang='lat' dir='ltr'><strong>enim</strong></span> <span class='ocrx_word' id='word_1_86' title='bbox 463 1114 576 1175; x_wconf 86' lang='lat' dir='ltr'><strong>scriptura,</strong></span> <span class='ocrx_word' id='word_1_87' title='bbox 589 1112 648 1159; x_wconf 81' lang='lat' dir='ltr'><strong>Bovi</strong></span> <span class='ocrx_word' id='word_1_88' title='bbox 659 1112 700 1158; x_wconf 85' lang='lat' dir='ltr'><strong>tri·</strong></span> <span class='ocrx_word' id='word_1_89' title='bbox 765 1117 781 1158; x_wconf 85' lang='grc'>6</span> <span class='ocrx_word' id='word_1_90' title='bbox 798 1110 841 1158; x_wconf 74' lang='lat' dir='ltr'><strong>Est</strong></span> <span class='ocrx_word' id='word_1_91' title='bbox 850 1120 924 1158; x_wconf 76' lang='lat' dir='ltr'><strong>alitem</strong></span> <span class='ocrx_word' id='word_1_92' title='bbox 935 1124 1039 1173; x_wconf 78' lang='lat' dir='ltr'>quaestus</span> <span class='ocrx_word' id='word_1_93' title='bbox 1048 1131 1144 1176; x_wconf 85' lang='lat' dir='ltr'><strong>magnus</strong></span> <span class='ocrx_word' id='word_1_94' title='bbox 1152 1117 1197 1178; x_wconf 75' lang='lat' dir='ltr'><strong>pie·</strong></span> 
     </span>
     <span class='ocr_line' id='line_1_12' title="bbox 235 1176 1155 1239; baseline -0.001 -12"><span class='ocrx_word' id='word_1_95' title='bbox 235 1178 318 1227; x_wconf 65' lang='lat' dir='ltr'><strong>munli</strong></span> <span class='ocrx_word' id='word_1_96' title='bbox 330 1193 375 1224; x_wconf 87' lang='lat' dir='ltr'><strong>non</strong></span> <span class='ocrx_word' id='word_1_97' title='bbox 384 1179 491 1239; x_wconf 80' lang='lat' dir='ltr'><strong>obligabis</strong></span> <span class='ocrx_word' id='word_1_98' title='bbox 503 1194 542 1224; x_wconf 80' lang='lat' dir='ltr'><strong>os:</strong></span> <span class='ocrx_word' id='word_1_99' title='bbox 561 1186 591 1233; x_wconf 86' lang='lat' dir='ltr'><strong>et,</strong></span> <span class='ocrx_word' id='word_1_100' title='bbox 608 1176 701 1239; x_wconf 78' lang='lat' dir='ltr'><strong>Dignus</strong></span> <span class='ocrx_word' id='word_1_101' title='bbox 733 1182 826 1222; x_wconf 86' lang='lat' dir='ltr'><strong>taseum</strong></span> <span class='ocrx_word' id='word_1_102' title='bbox 838 1177 912 1222; x_wconf 88' lang='lat' dir='ltr'><strong>animo</strong></span> <span class='ocrx_word' id='word_1_103' title='bbox 924 1176 964 1223; x_wconf 77' lang='lat' dir='ltr'><strong>suia</strong></span> <span class='ocrx_word' id='word_1_104' title='bbox 975 1189 1155 1226; x_wconf 88' lang='lat' dir='ltr'><strong>sorteeontento.</strong></span> 
     </span>
     <span class='ocr_line' id='line_1_13' title="bbox 234 1239 1199 1304; baseline 0.001 -14"><span class='ocrx_word' id='word_1_105' title='bbox 234 1243 392 1304; x_wconf 64' lang='lat' dir='ltr'><strong>“inpensius</strong></span> <span class='ocrx_word' id='word_1_106' title='bbox 403 1243 504 1288; x_wconf 80' lang='lat' dir='ltr'>mercede</span> <span class='ocrx_word' id='word_1_107' title='bbox 515 1239 561 1288; x_wconf 75' lang='lat' dir='ltr'><strong>aud.</strong></span> <span class='ocrx_word' id='word_1_108' title='bbox 766 1243 781 1287; x_wconf 83' lang='lat' dir='ltr'><strong>&#39;i</strong></span> <span class='ocrx_word' id='word_1_109' title='bbox 799 1239 863 1286; x_wconf 83' lang='lat' dir='ltr'><strong>Nihil</strong></span> <span class='ocrx_word' id='word_1_110' title='bbox 882 1242 941 1286; x_wconf 86' lang='lat' dir='ltr'><strong>enim</strong></span> <span class='ocrx_word' id='word_1_111' title='bbox 961 1242 1075 1289; x_wconf 72' lang='lat' dir='ltr'><strong>intulimus</strong></span> <span class='ocrx_word' id='word_1_112' title='bbox 1091 1245 1114 1289; x_wconf 89' lang='lat' dir='ltr'><strong>in</strong></span> <span class='ocrx_word' id='word_1_113' title='bbox 1132 1260 1199 1291; x_wconf 90' lang='lat' dir='ltr'><strong>mun·</strong></span> 
     </span>
    </p>

    <p class='ocr_par' dir='ltr' id='par_1_6' title="bbox 236 1303 1199 1498">
     <span class='ocr_line' id='line_1_14' title="bbox 271 1303 1199 1370; baseline 0.002 -18"><span class='ocrx_word' id='word_1_114' title='bbox 271 1309 301 1354; x_wconf 81' lang='lat' dir='ltr'><strong>ia</strong></span> <span class='ocrx_word' id='word_1_115' title='bbox 318 1304 434 1353; x_wconf 79' lang='lat' dir='ltr'><strong>Adversds</strong></span> <span class='ocrx_word' id='word_1_116' title='bbox 445 1307 596 1368; x_wconf 87' lang='lat' dir='ltr'><strong>presbyterum</strong></span> <span class='ocrx_word' id='word_1_117' title='bbox 611 1317 701 1352; x_wconf 80' lang='lat' dir='ltr'><strong>aecusa-</strong></span> <span class='ocrx_word' id='word_1_118' title='bbox 734 1303 793 1358; x_wconf 84' lang='lat' dir='ltr'><strong>dum,</strong></span> <span class='ocrx_word' id='word_1_119' title='bbox 811 1305 914 1351; x_wconf 89' lang='lat' dir='ltr'><strong>videlieet</strong></span> <span class='ocrx_word' id='word_1_120' title='bbox 928 1321 970 1352; x_wconf 88' lang='lat' dir='ltr'><strong>nee</strong></span> <span class='ocrx_word' id='word_1_121' title='bbox 985 1305 1063 1353; x_wconf 84' lang='lat' dir='ltr'><strong>efferre</strong></span> <span class='ocrx_word' id='word_1_122' title='bbox 1081 1309 1199 1370; x_wconf 81' lang='lat' dir='ltr'><strong>quiequam</strong></span> 
     </span>
     <span class='ocr_line' id='line_1_15' title="bbox 236 1370 859 1430; baseline -0.006 -12"><span class='ocrx_word' id='word_1_123' title='bbox 236 1371 320 1418; x_wconf 84' lang='lat' dir='ltr'><strong>tionem</strong></span> <span class='ocrx_word' id='word_1_124' title='bbox 332 1387 361 1416; x_wconf 91' lang='lat' dir='ltr'><strong>ne</strong></span> <span class='ocrx_word' id='word_1_125' title='bbox 372 1371 489 1424; x_wconf 83' lang='lat' dir='ltr'><strong>admittite,</strong></span> <span class='ocrx_word' id='word_1_126' title='bbox 507 1371 547 1416; x_wconf 87' lang='lat' dir='ltr'><strong>nisi</strong></span> <span class='ocrx_word' id='word_1_127' title='bbox 560 1371 600 1416; x_wconf 89' lang='lat' dir='ltr'><strong>sub</strong></span> <span class='ocrx_word' id='word_1_128' title='bbox 617 1370 702 1416; x_wconf 87' lang='lat' dir='ltr'><strong>duobus</strong></span> <span class='ocrx_word' id='word_1_129' title='bbox 734 1383 859 1430; x_wconf 86' lang='lat' dir='ltr'><strong>possumus.</strong></span> 
     </span>
     <span class='ocr_line' id='line_1_16' title="bbox 237 1432 1198 1498; baseline -0.003 -17"><span class='ocrx_word' id='word_1_130' title='bbox 237 1443 275 1481; x_wconf 81' lang='lat' dir='ltr'><strong>aut</strong></span> <span class='ocrx_word' id='word_1_131' title='bbox 286 1435 356 1480; x_wconf 90' lang='lat' dir='ltr'><strong>tribus</strong></span> <span class='ocrx_word' id='word_1_132' title='bbox 367 1436 466 1480; x_wconf 85' lang='lat' dir='ltr'><strong>testibus.</strong></span> <span class='ocrx_word' id='word_1_133' title='bbox 767 1432 782 1478; x_wconf 82' lang='lat'>8</span> <span class='ocrx_word' id='word_1_134' title='bbox 800 1433 844 1478; x_wconf 87' lang='lat' dir='ltr'><strong>Sed</strong></span> <span class='ocrx_word' id='word_1_135' title='bbox 861 1434 967 1480; x_wconf 83' lang='lat' dir='ltr'><strong>habentes</strong></span> <span class='ocrx_word' id='word_1_136' title='bbox 985 1435 1094 1491; x_wconf 87' lang='lat' dir='ltr'><strong>alimenta,</strong></span> <span class='ocrx_word' id='word_1_137' title='bbox 1110 1444 1135 1482; x_wconf 84' lang='lat' dir='ltr'><strong>et</strong></span> <span class='ocrx_word' id='word_1_138' title='bbox 1154 1437 1198 1498; x_wconf 80' lang='lat' dir='ltr'><strong>pri·</strong></span> 
     </span>
    </p>

    <p class='ocr_par' dir='ltr' id='par_1_7' title="bbox 237 1497 1188 1623">
     <span class='ocr_line' id='line_1_17' title="bbox 270 1497 1182 1558; baseline 0.003 -14"><span class='ocrx_word' id='word_1_139' title='bbox 270 1502 302 1544; x_wconf 75' lang='lat'><strong>20</strong></span> <span class='ocrx_word' id='word_1_140' title='bbox 313 1497 361 1544; x_wconf 90' lang='lat' dir='ltr'><strong>Eos</strong></span> <span class='ocrx_word' id='word_1_141' title='bbox 368 1499 404 1558; x_wconf 89' lang='lat' dir='ltr'><strong>qui</strong></span> <span class='ocrx_word' id='word_1_142' title='bbox 412 1506 510 1558; x_wconf 82' lang='lat' dir='ltr'><strong>peceant,</strong></span> <span class='ocrx_word' id='word_1_143' title='bbox 517 1513 592 1543; x_wconf 86' lang='lat' dir='ltr'><strong>eoram</strong></span> <span class='ocrx_word' id='word_1_144' title='bbox 600 1497 702 1544; x_wconf 76' lang='lat' dir='ltr'><strong>omnibus</strong></span> <span class='ocrx_word' id='word_1_145' title='bbox 734 1498 775 1543; x_wconf 89' lang='lat' dir='ltr'><strong>bus</strong></span> <span class='ocrx_word' id='word_1_146' title='bbox 786 1504 895 1558; x_wconf 85' lang='lat' dir='ltr'><strong>tegamur,</strong></span> <span class='ocrx_word' id='word_1_147' title='bbox 907 1499 961 1544; x_wconf 86' lang='lat' dir='ltr'><strong>haee</strong></span> <span class='ocrx_word' id='word_1_148' title='bbox 970 1501 1032 1546; x_wconf 88' lang='lat' dir='ltr'><strong>nobis</strong></span> <span class='ocrx_word' id='word_1_149' title='bbox 1044 1501 1097 1546; x_wconf 87' lang='lat' dir='ltr'><strong>satis</strong></span> <span class='ocrx_word' id='word_1_150' title='bbox 1108 1509 1182 1547; x_wconf 88' lang='lat' dir='ltr'><strong>erunt.</strong></span> 
     </span>
     <span class='ocr_line' id='line_1_18' title="bbox 237 1562 1188 1623; baseline 0.004 -15"><span class='ocrx_word' id='word_1_151' title='bbox 237 1578 312 1623; x_wconf 78' lang='lat' dir='ltr'><strong>argue,</strong></span> <span class='ocrx_word' id='word_1_152' title='bbox 325 1569 349 1607; x_wconf 91' lang='lat' dir='ltr'><strong>ut</strong></span> <span class='ocrx_word' id='word_1_153' title='bbox 359 1571 382 1607; x_wconf 88' lang='lat' dir='ltr'><strong>et</strong></span> <span class='ocrx_word' id='word_1_154' title='bbox 394 1563 470 1622; x_wconf 78' lang='lat' dir='ltr'><strong>reliqui</strong></span> <span class='ocrx_word' id='word_1_155' title='bbox 482 1563 581 1607; x_wconf 86' lang='lat' dir='ltr'><strong>timeant.</strong></span> <span class='ocrx_word' id='word_1_156' title='bbox 768 1567 783 1609; x_wconf 88' lang='lat'><strong>9</strong></span> <span class='ocrx_word' id='word_1_157' title='bbox 800 1562 847 1616; x_wconf 83' lang='lat' dir='ltr'><strong>Qui</strong></span> <span class='ocrx_word' id='word_1_158' title='bbox 859 1570 932 1608; x_wconf 88' lang='lat' dir='ltr'><strong>autem</strong></span> <span class='ocrx_word' id='word_1_159' title='bbox 944 1563 1023 1610; x_wconf 84' lang='lat' dir='ltr'><strong>volunt</strong></span> <span class='ocrx_word' id='word_1_160' title='bbox 1034 1565 1148 1619; x_wconf 80' lang='lat' dir='ltr'>ditescere,</span> <span class='ocrx_word' id='word_1_161' title='bbox 1166 1567 1188 1612; x_wconf 87' lang='lat' dir='ltr'><strong>in</strong></span> 
     </span>
    </p>

    <p class='ocr_par' dir='ltr' id='par_1_8' title="bbox 238 1625 1202 1946">
     <span class='ocr_line' id='line_1_19' title="bbox 269 1625 1197 1690; baseline 0.004 -18"><span class='ocrx_word' id='word_1_162' title='bbox 269 1630 297 1672; x_wconf 79' lang='lat'><strong>21</strong></span> <span class='ocrx_word' id='word_1_163' title='bbox 318 1625 423 1672; x_wconf 88' lang='lat' dir='ltr'><strong>Obtestor</strong></span> <span class='ocrx_word' id='word_1_164' title='bbox 439 1627 461 1671; x_wconf 93' lang='lat' dir='ltr'><strong>in</strong></span> <span class='ocrx_word' id='word_1_165' title='bbox 473 1633 593 1687; x_wconf 83' lang='lat' dir='ltr'><strong>conspeetu</strong></span> <span class='ocrx_word' id='word_1_166' title='bbox 606 1625 659 1679; x_wconf 89' lang='lat' dir='ltr'><strong>Dei,</strong></span> <span class='ocrx_word' id='word_1_167' title='bbox 679 1633 703 1672; x_wconf 84' lang='lat' dir='ltr'><strong>et</strong></span> <span class='ocrx_word' id='word_1_168' title='bbox 735 1625 812 1672; x_wconf 88' lang='lat' dir='ltr'><strong>eidunt</strong></span> <span class='ocrx_word' id='word_1_169' title='bbox 833 1627 855 1672; x_wconf 89' lang='lat' dir='ltr'><strong>in</strong></span> <span class='ocrx_word' id='word_1_170' title='bbox 878 1628 1023 1674; x_wconf 74' lang='lat' dir='ltr'><strong>tentationem</strong></span> <span class='ocrx_word' id='word_1_171' title='bbox 1044 1635 1067 1674; x_wconf 90' lang='lat' dir='ltr'><strong>et</strong></span> <span class='ocrx_word' id='word_1_172' title='bbox 1088 1629 1197 1690; x_wconf 84' lang='lat' dir='ltr'><strong>laqueum,</strong></span> 
     </span>
     <span class='ocr_line' id='line_1_20' title="bbox 238 1689 1200 1751; baseline 0.004 -15"><span class='ocrx_word' id='word_1_173' title='bbox 238 1689 334 1736; x_wconf 82' lang='lat' dir='ltr'><strong>Domini</strong></span> <span class='ocrx_word' id='word_1_174' title='bbox 353 1689 409 1738; x_wconf 88' lang='lat' dir='ltr'><strong>Jesu</strong></span> <span class='ocrx_word' id='word_1_175' title='bbox 430 1689 521 1743; x_wconf 76' lang='lat' dir='ltr'><strong>Christi,</strong></span> <span class='ocrx_word' id='word_1_176' title='bbox 541 1697 563 1736; x_wconf 85' lang='lat' dir='ltr'><strong>et</strong></span> <span class='ocrx_word' id='word_1_177' title='bbox 580 1690 702 1736; x_wconf 83' lang='lat' dir='ltr'><strong>electorum</strong></span> <span class='ocrx_word' id='word_1_178' title='bbox 734 1697 758 1738; x_wconf 89' lang='lat' dir='ltr'><strong>et</strong></span> <span class='ocrx_word' id='word_1_179' title='bbox 768 1691 897 1751; x_wconf 84' lang='lat' dir='ltr'><strong>cupiditales</strong></span> <span class='ocrx_word' id='word_1_180' title='bbox 906 1692 987 1737; x_wconf 83' lang='lat' dir='ltr'><strong>multas</strong></span> <span class='ocrx_word' id='word_1_181' title='bbox 998 1699 1096 1750; x_wconf 87' lang='lat' dir='ltr'><strong>amentes</strong></span> <span class='ocrx_word' id='word_1_182' title='bbox 1107 1703 1130 1739; x_wconf 91' lang='lat' dir='ltr'><strong>et</strong></span> <span class='ocrx_word' id='word_1_183' title='bbox 1138 1695 1200 1740; x_wconf 88' lang='lat' dir='ltr'><strong>dam·</strong></span> 
     </span>
     <span class='ocr_line' id='line_1_21' title="bbox 238 1755 1200 1816; baseline 0.004 -16"><span class='ocrx_word' id='word_1_184' title='bbox 238 1755 376 1816; x_wconf 86' lang='lat' dir='ltr'><strong>angelorum,</strong></span> <span class='ocrx_word' id='word_1_185' title='bbox 389 1762 413 1801; x_wconf 91' lang='lat' dir='ltr'><strong>ut</strong></span> <span class='ocrx_word' id='word_1_186' title='bbox 424 1756 477 1801; x_wconf 83' lang='lat' dir='ltr'><strong>haee</strong></span> <span class='ocrx_word' id='word_1_187' title='bbox 489 1770 571 1807; x_wconf 87' lang='lat' dir='ltr'><strong>serves,</strong></span> <span class='ocrx_word' id='word_1_188' title='bbox 583 1755 665 1814; x_wconf 80' lang='lat' dir='ltr'><strong>absque</strong></span> <span class='ocrx_word' id='word_1_189' title='bbox 676 1769 703 1800; x_wconf 89' lang='lat' dir='ltr'><strong>eo</strong></span> <span class='ocrx_word' id='word_1_190' title='bbox 735 1769 807 1809; x_wconf 86' lang='lat' dir='ltr'><strong>nosas,</strong></span> <span class='ocrx_word' id='word_1_191' title='bbox 819 1771 875 1815; x_wconf 86' lang='lat' dir='ltr'><strong>quae</strong></span> <span class='ocrx_word' id='word_1_192' title='bbox 880 1755 1013 1816; x_wconf 86' lang='lat' dir='ltr'><strong>demergunt</strong></span> <span class='ocrx_word' id='word_1_193' title='bbox 1022 1757 1151 1804; x_wconf 87' lang='lat' dir='ltr'><strong>hominesin</strong></span> <span class='ocrx_word' id='word_1_194' title='bbox 1160 1773 1200 1804; x_wconf 84' lang='lat' dir='ltr'><strong>ex·</strong></span> 
     </span>
     <span class='ocr_line' id='line_1_22' title="bbox 240 1811 963 1881; baseline 0 -16"><span class='ocrx_word' id='word_1_195' title='bbox 240 1827 264 1865; x_wconf 90' lang='lat' dir='ltr'><strong>ut</strong></span> <span class='ocrx_word' id='word_1_196' title='bbox 275 1835 344 1866; x_wconf 90' lang='lat' dir='ltr'><strong>unum</strong></span> <span class='ocrx_word' id='word_1_197' title='bbox 355 1819 417 1866; x_wconf 90' lang='lat' dir='ltr'><strong>alteri</strong></span> <span class='ocrx_word' id='word_1_198' title='bbox 429 1819 545 1881; x_wconf 78' lang='lat' dir='ltr'><strong>praeferas,</strong></span> <span class='ocrx_word' id='word_1_199' title='bbox 557 1819 610 1864; x_wconf 89' lang='lat' dir='ltr'><strong>nihil</strong></span> <span class='ocrx_word' id='word_1_200' title='bbox 621 1818 704 1864; x_wconf 84' lang='lat' dir='ltr'><strong>iaciens</strong></span> <span class='ocrx_word' id='word_1_201' title='bbox 734 1811 798 1864; x_wconf 89' lang='lat' dir='ltr'><strong>itium</strong></span> <span class='ocrx_word' id='word_1_202' title='bbox 809 1827 832 1865; x_wconf 92' lang='lat' dir='ltr'><strong>et</strong></span> <span class='ocrx_word' id='word_1_203' title='bbox 843 1820 963 1866; x_wconf 88' lang='lat' dir='ltr'><strong>interitum.</strong></span> 
     </span>
     <span class='ocr_line' id='line_1_23' title="bbox 238 1883 1202 1946; baseline 0.002 -16"><span class='ocrx_word' id='word_1_204' title='bbox 238 1885 260 1930; x_wconf 89' lang='lat' dir='ltr'><strong>in</strong></span> <span class='ocrx_word' id='word_1_205' title='bbox 272 1883 363 1931; x_wconf 85' lang='lat' dir='ltr'><strong>alteram</strong></span> <span class='ocrx_word' id='word_1_206' title='bbox 374 1891 458 1946; x_wconf 84' lang='lat' dir='ltr'><strong>partem</strong></span> <span class='ocrx_word' id='word_1_207' title='bbox 469 1884 602 1930; x_wconf 80' lang='lat' dir='ltr'><strong>inclinando.</strong></span> <span class='ocrx_word' id='word_1_208' title='bbox 771 1886 801 1929; x_wconf 91' lang='lat'><strong>10</strong></span> <span class='ocrx_word' id='word_1_209' title='bbox 818 1883 930 1943; x_wconf 85' lang='lat' dir='ltr'><strong>Siquidem</strong></span> <span class='ocrx_word' id='word_1_210' title='bbox 943 1885 1003 1930; x_wconf 86' lang='lat' dir='ltr'><strong>radix</strong></span> <span class='ocrx_word' id='word_1_211' title='bbox 1015 1886 1114 1930; x_wconf 88' lang='lat' dir='ltr'><strong>omnium</strong></span> <span class='ocrx_word' id='word_1_212' title='bbox 1131 1885 1202 1932; x_wconf 74' lang='lat' dir='ltr'><strong>malo·</strong></span> 
     </span>
    </p>

    <p class='ocr_par' dir='ltr' id='par_1_9' title="bbox 239 1946 1202 2137">
     <span class='ocr_line' id='line_1_24' title="bbox 271 1946 1202 2011; baseline 0 -17"><span class='ocrx_word' id='word_1_213' title='bbox 271 1953 303 1994; x_wconf 71' lang='lat'><strong>‘22</strong></span> <span class='ocrx_word' id='word_1_214' title='bbox 320 1949 404 1994; x_wconf 85' lang='lat' dir='ltr'><strong>Manus</strong></span> <span class='ocrx_word' id='word_1_215' title='bbox 411 1946 455 1994; x_wconf 85' lang='lat' dir='ltr'><strong>eitd</strong></span> <span class='ocrx_word' id='word_1_216' title='bbox 463 1949 532 1994; x_wconf 88' lang='lat' dir='ltr'><strong>necui</strong></span> <span class='ocrx_word' id='word_1_217' title='bbox 540 1947 653 2008; x_wconf 89' lang='lat' dir='ltr'><strong>imponito,</strong></span> <span class='ocrx_word' id='word_1_218' title='bbox 663 1962 703 1992; x_wconf 88' lang='lat' dir='ltr'><strong>ne·</strong></span> <span class='ocrx_word' id='word_1_219' title='bbox 736 1963 784 1994; x_wconf 90' lang='lat' dir='ltr'><strong>rum</strong></span> <span class='ocrx_word' id='word_1_220' title='bbox 801 1955 836 2008; x_wconf 80' lang='lat' dir='ltr'><strong>est</strong></span> <span class='ocrx_word' id='word_1_221' title='bbox 851 1963 914 1993; x_wconf 89' lang='lat' dir='ltr'><strong>amor</strong></span> <span class='ocrx_word' id='word_1_222' title='bbox 931 1949 1052 2008; x_wconf 79' lang='lat' dir='ltr'><strong>pecuniae3</strong></span> <span class='ocrx_word' id='word_1_223' title='bbox 1069 1965 1134 2010; x_wconf 85' lang='lat' dir='ltr'><strong>quam</strong></span> <span class='ocrx_word' id='word_1_224' title='bbox 1153 1951 1202 2011; x_wconf 92' lang='lat' dir='ltr'><strong>qui·</strong></span> 
     </span>
     <span class='ocr_line' id='line_1_25' title="bbox 239 2012 1202 2073; baseline 0.003 -16"><span class='ocrx_word' id='word_1_225' title='bbox 239 2029 282 2073; x_wconf 89' lang='lat' dir='ltr'><strong>que</strong></span> <span class='ocrx_word' id='word_1_226' title='bbox 289 2013 452 2058; x_wconf 82' lang='lat' dir='ltr'><strong>communicato</strong></span> <span class='ocrx_word' id='word_1_227' title='bbox 460 2013 556 2073; x_wconf 82' lang='lat' dir='ltr'><strong>peccatis</strong></span> <span class='ocrx_word' id='word_1_228' title='bbox 564 2012 654 2058; x_wconf 83' lang='lat' dir='ltr'><strong>alienis:</strong></span> <span class='ocrx_word' id='word_1_229' title='bbox 669 2019 703 2057; x_wconf 89' lang='lat' dir='ltr'><strong>te·</strong></span> <span class='ocrx_word' id='word_1_230' title='bbox 736 2012 786 2057; x_wconf 87' lang='lat' dir='ltr'><strong>darn</strong></span> <span class='ocrx_word' id='word_1_231' title='bbox 798 2012 849 2057; x_wconf 92' lang='lat' dir='ltr'><strong>dum</strong></span> <span class='ocrx_word' id='word_1_232' title='bbox 861 2019 973 2073; x_wconf 85' lang='lat' dir='ltr'><strong>appetunt,</strong></span> <span class='ocrx_word' id='word_1_233' title='bbox 986 2012 1113 2060; x_wconf 83' lang='lat' dir='ltr'><strong>aberrdrunt</strong></span> <span class='ocrx_word' id='word_1_234' title='bbox 1124 2030 1138 2060; x_wconf 93' lang='lat' dir='ltr'><strong>a</strong></span> <span class='ocrx_word' id='word_1_235' title='bbox 1153 2015 1202 2068; x_wconf 81' lang='lat' dir='ltr'><strong>fide,</strong></span> 
     </span>
     <span class='ocr_line' id='line_1_26' title="bbox 241 2075 1201 2137; baseline 0.004 -17"><span class='ocrx_word' id='word_1_236' title='bbox 241 2077 357 2136; x_wconf 85' lang='lat' dir='ltr'><strong>metipsum</strong></span> <span class='ocrx_word' id='word_1_237' title='bbox 368 2088 447 2136; x_wconf 81' lang='lat' dir='ltr'><strong>purum</strong></span> <span class='ocrx_word' id='word_1_238' title='bbox 457 2091 527 2122; x_wconf 86' lang='lat' dir='ltr'><strong>serva.</strong></span> <span class='ocrx_word' id='word_1_239' title='bbox 736 2082 759 2122; x_wconf 87' lang='lat' dir='ltr'><strong>et</strong></span> <span class='ocrx_word' id='word_1_240' title='bbox 770 2076 853 2137; x_wconf 89' lang='lat' dir='ltr'><strong>seipsos</strong></span> <span class='ocrx_word' id='word_1_241' title='bbox 862 2075 1019 2122; x_wconf 80' lang='lat' dir='ltr'><strong>transfixerunt</strong></span> <span class='ocrx_word' id='word_1_242' title='bbox 1026 2078 1137 2124; x_wconf 86' lang='lat' dir='ltr'><strong>doloribus</strong></span> <span class='ocrx_word' id='word_1_243' title='bbox 1144 2079 1201 2124; x_wconf 89' lang='lat' dir='ltr'><strong>mul·</strong></span> 
     </span>
    </p>

    <p class='ocr_par' dir='ltr' id='par_1_10' title="bbox 240 2137 1234 2390">
     <span class='ocr_line' id='line_1_27' title="bbox 272 2137 1234 2200; baseline 0.002 -16"><span class='ocrx_word' id='word_1_244' title='bbox 272 2145 303 2184; x_wconf 75' lang='lat'><strong>95</strong></span> <span class='ocrx_word' id='word_1_245' title='bbox 320 2139 358 2185; x_wconf 88' lang='lat' dir='ltr'><strong>Ne</strong></span> <span class='ocrx_word' id='word_1_246' title='bbox 366 2137 513 2200; x_wconf 86' lang='lat' dir='ltr'><strong>amplidsesto</strong></span> <span class='ocrx_word' id='word_1_247' title='bbox 522 2139 653 2195; x_wconf 59' lang='lat' dir='ltr'><strong>abstemium</strong></span> <span class='ocrx_word' id='word_1_248' title='bbox 667 2139 705 2185; x_wconf 85' lang='lat' dir='ltr'><strong>sed</strong></span> <span class='ocrx_word' id='word_1_249' title='bbox 736 2141 771 2185; x_wconf 91' lang='lat' dir='ltr'><strong>tis.</strong></span> <span class='ocrx_word' id='word_1_250' title='bbox 804 2163 806 2169; x_wconf 29' lang='grc' dir='ltr'>ι</span> <span class='ocrx_word' id='word_1_251' title='bbox 851 2165 852 2172; x_wconf 48' lang='lat'>1</span> <span class='ocrx_word' id='word_1_252' title='bbox 997 2145 1000 2150; x_wconf 83' lang='grc'><em>’</em></span> <span class='ocrx_word' id='word_1_253' title='bbox 1090 2187 1093 2192; x_wconf 85' lang='grc'>,</span> <span class='ocrx_word' id='word_1_254' title='bbox 1229 2187 1234 2195; x_wconf 65' lang='grc'><strong>,</strong></span> 
     </span>
     <span class='ocr_line' id='line_1_28' title="bbox 241 2200 1202 2266; baseline 0.002 -16"><span class='ocrx_word' id='word_1_255' title='bbox 241 2205 293 2250; x_wconf 80' lang='lat' dir='ltr'><strong>vino</strong></span> <span class='ocrx_word' id='word_1_256' title='bbox 312 2204 405 2266; x_wconf 86' lang='lat' dir='ltr'><strong>pauculo</strong></span> <span class='ocrx_word' id='word_1_257' title='bbox 423 2211 492 2257; x_wconf 90' lang='lat' dir='ltr'><strong>utere,</strong></span> <span class='ocrx_word' id='word_1_258' title='bbox 512 2215 601 2264; x_wconf 85' lang='lat' dir='ltr'><strong>propter</strong></span> <span class='ocrx_word' id='word_1_259' title='bbox 620 2211 703 2250; x_wconf 85' lang='lat' dir='ltr'><strong>stoma·</strong></span> <span class='ocrx_word' id='word_1_260' title='bbox 772 2207 797 2250; x_wconf 93' lang='lat'><strong>11</strong></span> <span class='ocrx_word' id='word_1_261' title='bbox 817 2203 854 2250; x_wconf 85' lang='lat' dir='ltr'><strong>Tu</strong></span> <span class='ocrx_word' id='word_1_262' title='bbox 865 2200 926 2259; x_wconf 79' lang='lat' dir='ltr'><strong>verti,</strong></span> <span class='ocrx_word' id='word_1_263' title='bbox 938 2203 951 2250; x_wconf 82' lang='lat' dir='ltr'><strong>d</strong></span> <span class='ocrx_word' id='word_1_264' title='bbox 962 2206 1030 2252; x_wconf 90' lang='lat' dir='ltr'><strong>homo</strong></span> <span class='ocrx_word' id='word_1_265' title='bbox 1043 2205 1094 2260; x_wconf 90' lang='lat' dir='ltr'><strong>Dei,</strong></span> <span class='ocrx_word' id='word_1_266' title='bbox 1107 2207 1149 2252; x_wconf 84' lang='lat' dir='ltr'><strong>ista</strong></span> <span class='ocrx_word' id='word_1_267' title='bbox 1165 2206 1202 2252; x_wconf 91' lang='lat' dir='ltr'><strong>su·</strong></span> 
     </span>
     <span class='ocr_line' id='line_1_29' title="bbox 240 2267 1203 2332; baseline 0.002 -18"><span class='ocrx_word' id='word_1_268' title='bbox 240 2270 306 2314; x_wconf 74' lang='lat' dir='ltr'><strong>elium</strong></span> <span class='ocrx_word' id='word_1_269' title='bbox 319 2278 389 2322; x_wconf 91' lang='lat' dir='ltr'><strong>tuum,</strong></span> <span class='ocrx_word' id='word_1_270' title='bbox 406 2275 428 2314; x_wconf 87' lang='lat' dir='ltr'><strong>et</strong></span> <span class='ocrx_word' id='word_1_271' title='bbox 439 2269 526 2314; x_wconf 89' lang='lat' dir='ltr'><strong>crebras</strong></span> <span class='ocrx_word' id='word_1_272' title='bbox 543 2276 593 2314; x_wconf 84' lang='lat' dir='ltr'><strong>tuas</strong></span> <span class='ocrx_word' id='word_1_273' title='bbox 612 2267 704 2313; x_wconf 84' lang='lat' dir='ltr'><strong>intinni-</strong></span> <span class='ocrx_word' id='word_1_274' title='bbox 737 2284 779 2330; x_wconf 81' lang='lat' dir='ltr'><strong>ge:</strong></span> <span class='ocrx_word' id='word_1_275' title='bbox 799 2271 1081 2332; x_wconf 85' lang='lat' dir='ltr'><strong>sectareautemjustitiam‚</strong></span> <span class='ocrx_word' id='word_1_276' title='bbox 1091 2273 1203 2332; x_wconf 75' lang='lat' dir='ltr'><strong>pietatem,</strong></span> 
     </span>
     <span class='ocr_line' id='line_1_30' title="bbox 241 2333 1202 2390; baseline 0.001 -11"><span class='ocrx_word' id='word_1_277' title='bbox 241 2341 303 2380; x_wconf 81' lang='lat' dir='ltr'><strong>tates.</strong></span> <span class='ocrx_word' id='word_1_278' title='bbox 737 2333 810 2386; x_wconf 84' lang='lat' dir='ltr'><strong>fidem,</strong></span> <span class='ocrx_word' id='word_1_279' title='bbox 822 2333 958 2388; x_wconf 84' lang='lat' dir='ltr'><strong>charitatem,</strong></span> <span class='ocrx_word' id='word_1_280' title='bbox 978 2335 1124 2390; x_wconf 85' lang='lat' dir='ltr'><strong>tolerantiam,</strong></span> <span class='ocrx_word' id='word_1_281' title='bbox 1145 2336 1202 2380; x_wconf 90' lang='lat' dir='ltr'><strong>leni-</strong></span> 
     </span>
    </p>

    <p class='ocr_par' dir='ltr' id='par_1_11' title="bbox 273 2397 1073 2458">
     <span class='ocr_line' id='line_1_31' title="bbox 273 2397 1073 2458; baseline 0 -16"><span class='ocrx_word' id='word_1_282' title='bbox 273 2402 304 2442; x_wconf 76' lang='lat'><strong>94</strong></span> <span class='ocrx_word' id='word_1_283' title='bbox 322 2397 467 2450; x_wconf 83' lang='lat' dir='ltr'><strong>Quorundam</strong></span> <span class='ocrx_word' id='word_1_284' title='bbox 485 2397 600 2444; x_wconf 87' lang='lat' dir='ltr'><strong>hominum</strong></span> <span class='ocrx_word' id='word_1_285' title='bbox 617 2405 705 2458; x_wconf 84' lang='lat' dir='ltr'><strong>peecata</strong></span> <span class='ocrx_word' id='word_1_286' title='bbox 738 2405 813 2442; x_wconf 84' lang='lat' dir='ltr'><strong>tatem.</strong></span> <span class='ocrx_word' id='word_1_287' title='bbox 1066 2402 1073 2409; x_wconf 84' lang='lat'>&#39;</span> 
     </span>
    </p>

    <p class='ocr_par' dir='ltr' id='par_1_12' title="bbox 196 2458 1203 2653">
     <span class='ocr_line' id='line_1_32' title="bbox 196 2458 1203 2523; baseline 0.003 -17"><span class='ocrx_word' id='word_1_288' title='bbox 196 2500 201 2506; x_wconf 89' lang='lat'>.</span> <span class='ocrx_word' id='word_1_289' title='bbox 240 2458 292 2507; x_wconf 74' lang='lat' dir='ltr'><strong>ante</strong></span> <span class='ocrx_word' id='word_1_290' title='bbox 304 2461 420 2508; x_wconf 76' lang='lat' dir='ltr'><strong>manifesta</strong></span> <span class='ocrx_word' id='word_1_291' title='bbox 431 2469 489 2515; x_wconf 87' lang='lat' dir='ltr'><strong>sunt,</strong></span> <span class='ocrx_word' id='word_1_292' title='bbox 503 2462 633 2523; x_wconf 89' lang='lat' dir='ltr'><strong>praeeuntia</strong></span> <span class='ocrx_word' id='word_1_293' title='bbox 643 2461 705 2506; x_wconf 90' lang='lat' dir='ltr'><strong>dam·</strong></span> <span class='ocrx_word' id='word_1_294' title='bbox 774 2465 803 2506; x_wconf 83' lang='lat' dir='ltr'><strong>la</strong></span> <span class='ocrx_word' id='word_1_295' title='bbox 820 2460 920 2507; x_wconf 88' lang='lat' dir='ltr'><strong>Decerta</strong></span> <span class='ocrx_word' id='word_1_296' title='bbox 928 2463 1063 2523; x_wconf 78' lang='lat' dir='ltr'><strong>praeclarum</strong></span> <span class='ocrx_word' id='word_1_297' title='bbox 1073 2463 1203 2510; x_wconf 87' lang='lat' dir='ltr'><strong>illudeerta·</strong></span> 
     </span>
     <span class='ocr_line' id='line_1_33' title="bbox 242 2523 1203 2588; baseline 0.002 -18"><span class='ocrx_word' id='word_1_298' title='bbox 242 2526 340 2570; x_wconf 83' lang='lat' dir='ltr'><strong>notioni:</strong></span> <span class='ocrx_word' id='word_1_299' title='bbox 367 2527 473 2585; x_wconf 86' lang='lat' dir='ltr'><strong>quosdam</strong></span> <span class='ocrx_word' id='word_1_300' title='bbox 494 2523 547 2572; x_wconf 82' lang='lat' dir='ltr'><strong>verd</strong></span> <span class='ocrx_word' id='word_1_301' title='bbox 567 2527 705 2585; x_wconf 87' lang='lat' dir='ltr'><strong>subsequun·</strong></span> <span class='ocrx_word' id='word_1_302' title='bbox 739 2541 791 2572; x_wconf 90' lang='lat' dir='ltr'><strong>men</strong></span> <span class='ocrx_word' id='word_1_303' title='bbox 807 2525 874 2582; x_wconf 84' lang='lat' dir='ltr'><strong>lidei;</strong></span> <span class='ocrx_word' id='word_1_304' title='bbox 892 2529 1030 2588; x_wconf 86' lang='lat' dir='ltr'><strong>apprehende</strong></span> <span class='ocrx_word' id='word_1_305' title='bbox 1046 2529 1112 2574; x_wconf 89' lang='lat' dir='ltr'><strong>vitam</strong></span> <span class='ocrx_word' id='word_1_306' title='bbox 1131 2535 1203 2573; x_wconf 89' lang='lat' dir='ltr'><strong>aeter-</strong></span> 
     </span>
     <span class='ocr_line' id='line_1_34' title="bbox 242 2590 1201 2653; baseline 0.003 -19"><span class='ocrx_word' id='word_1_307' title='bbox 242 2597 284 2634; x_wconf 87' lang='lat' dir='ltr'><strong>tur.</strong></span> <span class='ocrx_word' id='word_1_308' title='bbox 739 2605 797 2646; x_wconf 62' lang='lat' dir='ltr'><strong>nana,</strong></span> <span class='ocrx_word' id='word_1_309' title='bbox 810 2590 837 2635; x_wconf 91' lang='lat' dir='ltr'><strong>ad</strong></span> <span class='ocrx_word' id='word_1_310' title='bbox 848 2605 913 2650; x_wconf 89' lang='lat' dir='ltr'><strong>quam</strong></span> <span class='ocrx_word' id='word_1_311' title='bbox 926 2601 948 2635; x_wconf 90' lang='lat' dir='ltr'><strong>et</strong></span> <span class='ocrx_word' id='word_1_312' title='bbox 959 2601 1051 2637; x_wconf 84' lang='lat' dir='ltr'><strong>vocatus</strong></span> <span class='ocrx_word' id='word_1_313' title='bbox 1063 2609 1093 2645; x_wconf 89' lang='lat' dir='ltr'><strong>es,</strong></span> <span class='ocrx_word' id='word_1_314' title='bbox 1111 2600 1134 2636; x_wconf 88' lang='lat' dir='ltr'><strong>et</strong></span> <span class='ocrx_word' id='word_1_315' title='bbox 1150 2608 1201 2653; x_wconf 89' lang='lat' dir='ltr'><strong>pro·</strong></span> 
     </span>
    </p>

    <p class='ocr_par' dir='ltr' id='par_1_13' title="bbox 242 2651 1204 2844">
     <span class='ocr_line' id='line_1_35' title="bbox 274 2651 1202 2717; baseline 0.008 -21"><span class='ocrx_word' id='word_1_316' title='bbox 274 2655 305 2698; x_wconf 75' lang='lat'><strong>‘25</strong></span> <span class='ocrx_word' id='word_1_317' title='bbox 324 2651 403 2698; x_wconf 87' lang='lat' dir='ltr'><strong>Itidem</strong></span> <span class='ocrx_word' id='word_1_318' title='bbox 416 2661 438 2698; x_wconf 87' lang='lat' dir='ltr'><strong>et</strong></span> <span class='ocrx_word' id='word_1_319' title='bbox 449 2653 507 2700; x_wconf 88' lang='lat' dir='ltr'><strong>bona</strong></span> <span class='ocrx_word' id='word_1_320' title='bbox 517 2669 585 2714; x_wconf 86' lang='lat' dir='ltr'><strong>opera</strong></span> <span class='ocrx_word' id='word_1_321' title='bbox 596 2659 647 2699; x_wconf 88' lang='lat' dir='ltr'><strong>ante</strong></span> <span class='ocrx_word' id='word_1_322' title='bbox 658 2668 708 2699; x_wconf 89' lang='lat' dir='ltr'><strong>ma·</strong></span> <span class='ocrx_word' id='word_1_323' title='bbox 739 2653 811 2699; x_wconf 82' lang='lat' dir='ltr'><strong>lessus</strong></span> <span class='ocrx_word' id='word_1_324' title='bbox 819 2655 953 2714; x_wconf 85' lang='lat' dir='ltr'><strong>praeclaram</strong></span> <span class='ocrx_word' id='word_1_325' title='bbox 963 2656 1023 2701; x_wconf 87' lang='lat' dir='ltr'><strong>illam</strong></span> <span class='ocrx_word' id='word_1_326' title='bbox 1033 2656 1202 2717; x_wconf 83' lang='lat' dir='ltr'><strong>promissionem</strong></span> 
     </span>
     <span class='ocr_line' id='line_1_36' title="bbox 242 2715 1011 2776; baseline 0.005 -15"><span class='ocrx_word' id='word_1_327' title='bbox 242 2715 322 2761; x_wconf 84' lang='lat' dir='ltr'><strong>nifesta</strong></span> <span class='ocrx_word' id='word_1_328' title='bbox 330 2724 394 2760; x_wconf 85' lang='lat' dir='ltr'><strong>sunt:</strong></span> <span class='ocrx_word' id='word_1_329' title='bbox 414 2723 436 2761; x_wconf 90' lang='lat' dir='ltr'><strong>et</strong></span> <span class='ocrx_word' id='word_1_330' title='bbox 447 2731 537 2776; x_wconf 85' lang='lat' dir='ltr'><strong>eaquae</strong></span> <span class='ocrx_word' id='word_1_331' title='bbox 547 2718 706 2771; x_wconf 86' lang='lat' dir='ltr'><strong>seeusirabent,</strong></span> <span class='ocrx_word' id='word_1_332' title='bbox 739 2733 814 2764; x_wconf 88' lang='lat' dir='ltr'><strong>eoram</strong></span> <span class='ocrx_word' id='word_1_333' title='bbox 825 2718 901 2764; x_wconf 87' lang='lat' dir='ltr'><strong>multis</strong></span> <span class='ocrx_word' id='word_1_334' title='bbox 913 2720 1011 2765; x_wconf 88' lang='lat' dir='ltr'><strong>testibus.</strong></span> 
     </span>
     <span class='ocr_line' id='line_1_37' title="bbox 242 2779 1204 2844; baseline 0.005 -19"><span class='ocrx_word' id='word_1_335' title='bbox 242 2779 346 2825; x_wconf 84' lang='lat' dir='ltr'><strong>oeeultari</strong></span> <span class='ocrx_word' id='word_1_336' title='bbox 358 2794 403 2824; x_wconf 90' lang='lat' dir='ltr'><strong>non</strong></span> <span class='ocrx_word' id='word_1_337' title='bbox 415 2788 514 2839; x_wconf 79' lang='lat' dir='ltr'><strong>possunt.</strong></span> <span class='ocrx_word' id='word_1_338' title='bbox 774 2785 803 2826; x_wconf 80' lang='lat'><strong>13</strong></span> <span class='ocrx_word' id='word_1_339' title='bbox 821 2781 942 2828; x_wconf 89' lang='lat' dir='ltr'><strong>Denuncio</strong></span> <span class='ocrx_word' id='word_1_340' title='bbox 954 2785 990 2830; x_wconf 84' lang='lat' dir='ltr'><strong>tibi</strong></span> <span class='ocrx_word' id='word_1_341' title='bbox 1002 2799 1076 2830; x_wconf 89' lang='lat' dir='ltr'><strong>coram</strong></span> <span class='ocrx_word' id='word_1_342' title='bbox 1090 2783 1149 2838; x_wconf 90' lang='lat' dir='ltr'><strong>Deo,</strong></span> <span class='ocrx_word' id='word_1_343' title='bbox 1167 2785 1204 2844; x_wconf 87' lang='lat' dir='ltr'><strong>qui</strong></span> 
     </span>
    </p>

    <p class='ocr_par' dir='ltr' id='par_1_14' title="bbox 247 2845 1204 3090">
     <span class='ocr_line' id='line_1_38' title="bbox 740 2845 1203 2908; baseline 0.004 -16"><span class='ocrx_word' id='word_1_344' title='bbox 740 2845 838 2892; x_wconf 85' lang='lat' dir='ltr'><strong>viviticat</strong></span> <span class='ocrx_word' id='word_1_345' title='bbox 849 2847 930 2901; x_wconf 86' lang='lat' dir='ltr'><strong>omnia,</strong></span> <span class='ocrx_word' id='word_1_346' title='bbox 950 2855 972 2893; x_wconf 85' lang='lat' dir='ltr'><strong>et</strong></span> <span class='ocrx_word' id='word_1_347' title='bbox 983 2848 1039 2896; x_wconf 87' lang='lat' dir='ltr'><strong>Jesu</strong></span> <span class='ocrx_word' id='word_1_348' title='bbox 1052 2847 1149 2901; x_wconf 78' lang='lat' dir='ltr'><strong>Christo,</strong></span> <span class='ocrx_word' id='word_1_349' title='bbox 1167 2852 1203 2908; x_wconf 88' lang='lat' dir='ltr'><strong>qui</strong></span> 
     </span>
     <span class='ocr_line' id='line_1_39' title="bbox 403 2905 1204 2960; baseline 0.007 -6"><span class='ocrx_word' id='word_1_350' title='bbox 403 2905 476 2954; x_wconf 88' lang='lat' dir='ltr'><strong>CAP.</strong></span> <span class='ocrx_word' id='word_1_351' title='bbox 500 2905 544 2953; x_wconf 92' lang='lat' dir='ltr'><strong>Vl.</strong></span> <span class='ocrx_word' id='word_1_352' title='bbox 739 2917 842 2956; x_wconf 85' lang='lat' dir='ltr'><strong>testatam</strong></span> <span class='ocrx_word' id='word_1_353' title='bbox 861 2910 913 2957; x_wconf 89' lang='lat' dir='ltr'><strong>l&#39;eeit</strong></span> <span class='ocrx_word' id='word_1_354' title='bbox 932 2927 1006 2958; x_wconf 89' lang='lat' dir='ltr'><strong>eoram</strong></span> <span class='ocrx_word' id='word_1_355' title='bbox 1026 2911 1108 2958; x_wconf 88' lang='lat' dir='ltr'><strong>Pontio</strong></span> <span class='ocrx_word' id='word_1_356' title='bbox 1131 2912 1204 2960; x_wconf 86' lang='lat' dir='ltr'><strong>Pilato</strong></span> 
     </span>
     <span class='ocr_line' id='line_1_40' title="bbox 247 2970 1146 3090; baseline 0.004 -71"><span class='ocrx_word' id='word_1_357' title='bbox 247 2980 271 3090; x_wconf 54' lang='grc' dir='ltr'>ί</span> <span class='ocrx_word' id='word_1_358' title='bbox 308 2970 497 3026; x_wconf 84' lang='lat' dir='ltr'><strong>UICUNQUE</strong></span> <span class='ocrx_word' id='word_1_359' title='bbox 519 2973 559 3018; x_wconf 90' lang='lat' dir='ltr'><strong>sub</strong></span> <span class='ocrx_word' id='word_1_360' title='bbox 575 2973 634 3034; x_wconf 77' lang='lat' dir='ltr'><strong>jugo</strong></span> <span class='ocrx_word' id='word_1_361' title='bbox 656 2985 708 3020; x_wconf 89' lang='lat' dir='ltr'><strong>sunt</strong></span> <span class='ocrx_word' id='word_1_362' title='bbox 740 2975 873 3036; x_wconf 82' lang='lat' dir='ltr'><strong>praeclaram</strong></span> <span class='ocrx_word' id='word_1_363' title='bbox 885 2976 944 3022; x_wconf 90' lang='lat' dir='ltr'><strong>illam</strong></span> <span class='ocrx_word' id='word_1_364' title='bbox 956 2977 1146 3037; x_wconf 59' lang='lat' dir='ltr'><strong>professionem*</strong></span> 
     </span>
    </p>

    <p class='ocr_par' dir='ltr' id='par_1_15' title="bbox 242 3037 1206 3226">
     <span class='ocr_line' id='line_1_41' title="bbox 293 3037 1193 3096; baseline 0.004 -13"><span class='ocrx_word' id='word_1_365' title='bbox 293 3084 305 3096; x_wconf 49' lang='lat'><em>„</em></span> <span class='ocrx_word' id='word_1_366' title='bbox 323 3037 707 3088; x_wconf 85' lang='lat' dir='ltr'><strong>servi,suosdominoaomnihono-</strong></span> <span class='ocrx_word' id='word_1_367' title='bbox 774 3042 801 3084; x_wconf 82' lang='grc'><strong>14</strong></span> <span class='ocrx_word' id='word_1_368' title='bbox 823 3039 855 3085; x_wconf 86' lang='lat' dir='ltr'><strong>Ut</strong></span> <span class='ocrx_word' id='word_1_369' title='bbox 867 3055 942 3086; x_wconf 83' lang='lat' dir='ltr'><strong>serves</strong></span> <span class='ocrx_word' id='word_1_370' title='bbox 953 3042 1007 3087; x_wconf 86' lang='lat' dir='ltr'><strong>haee</strong></span> <span class='ocrx_word' id='word_1_371' title='bbox 1015 3042 1118 3094; x_wconf 78' lang='lat' dir='ltr'><strong>mandata</strong></span> <span class='ocrx_word' id='word_1_372' title='bbox 1126 3041 1193 3088; x_wconf 83' lang='lat' dir='ltr'><strong>ineoo</strong></span> 
     </span>
     <span class='ocr_line' id='line_1_42' title="bbox 242 3101 1206 3166; baseline 0.004 -17"><span class='ocrx_word' id='word_1_373' title='bbox 242 3115 266 3149; x_wconf 76' lang='lat' dir='ltr'><strong>te</strong></span> <span class='ocrx_word' id='word_1_374' title='bbox 277 3102 358 3163; x_wconf 83' lang='lat' dir='ltr'><strong>dignos</strong></span> <span class='ocrx_word' id='word_1_375' title='bbox 369 3101 473 3155; x_wconf 84' lang='lat' dir='ltr'><strong>ducunto,</strong></span> <span class='ocrx_word' id='word_1_376' title='bbox 491 3117 520 3148; x_wconf 85' lang='lat' dir='ltr'><strong>ne</strong></span> <span class='ocrx_word' id='word_1_377' title='bbox 531 3117 612 3148; x_wconf 89' lang='lat' dir='ltr'><strong>nomen</strong></span> <span class='ocrx_word' id='word_1_378' title='bbox 624 3101 669 3147; x_wconf 90' lang='lat' dir='ltr'><strong>Dei</strong></span> <span class='ocrx_word' id='word_1_379' title='bbox 686 3109 709 3148; x_wconf 81' lang='lat' dir='ltr'><strong>et</strong></span> <span class='ocrx_word' id='word_1_380' title='bbox 740 3103 859 3149; x_wconf 85' lang='lat' dir='ltr'><strong>taminatus</strong></span> <span class='ocrx_word' id='word_1_381' title='bbox 870 3111 892 3149; x_wconf 83' lang='lat' dir='ltr'><strong>el</strong></span> <span class='ocrx_word' id='word_1_382' title='bbox 904 3105 1075 3166; x_wconf 85' lang='lat' dir='ltr'><strong>irreprehensos,</strong></span> <span class='ocrx_word' id='word_1_383' title='bbox 1091 3121 1161 3165; x_wconf 87' lang='lat' dir='ltr'><strong>usque</strong></span> <span class='ocrx_word' id='word_1_384' title='bbox 1177 3106 1206 3153; x_wconf 81' lang='lat' dir='ltr'><strong>ad</strong></span> 
     </span>
     <span class='ocr_line' id='line_1_43' title="bbox 242 3165 1206 3226; baseline 0.004 -12"><span class='ocrx_word' id='word_1_385' title='bbox 242 3165 342 3214; x_wconf 71' lang='lat' dir='ltr'><strong>doctrina</strong></span> <span class='ocrx_word' id='word_1_386' title='bbox 352 3165 522 3226; x_wconf 73' lang='lat' dir='ltr'><strong>blasphemetur.</strong></span> <span class='ocrx_word' id='word_1_387' title='bbox 562 3176 564 3180; x_wconf 83' lang='lat'>&#39;</span> <span class='ocrx_word' id='word_1_388' title='bbox 739 3165 847 3213; x_wconf 85' lang='lat' dir='ltr'><strong>illustrem</strong></span> <span class='ocrx_word' id='word_1_389' title='bbox 874 3167 935 3214; x_wconf 89' lang='lat' dir='ltr'><strong>illurn</strong></span> <span class='ocrx_word' id='word_1_390' title='bbox 963 3170 1081 3216; x_wconf 75' lang='lat' dir='ltr'><strong>adventum</strong></span> <span class='ocrx_word' id='word_1_391' title='bbox 1110 3166 1206 3219; x_wconf 77' lang='lat' dir='ltr'><strong>Domini</strong></span> 
     </span>
    </p>

    <p class='ocr_par' dir='ltr' id='par_1_16' title="bbox 276 3227 991 3289">
     <span class='ocr_line' id='line_1_44' title="bbox 276 3227 991 3289; baseline 0.003 -13"><span class='ocrx_word' id='word_1_392' title='bbox 276 3235 292 3276; x_wconf 80' lang='lat'>2</span> <span class='ocrx_word' id='word_1_393' title='bbox 310 3229 355 3282; x_wconf 79' lang='lat' dir='ltr'><strong>Qui</strong></span> <span class='ocrx_word' id='word_1_394' title='bbox 367 3227 420 3275; x_wconf 81' lang='lat' dir='ltr'><strong>uerd</strong></span> <span class='ocrx_word' id='word_1_395' title='bbox 429 3229 504 3276; x_wconf 80' lang='lat' dir='ltr'><strong>fideles</strong></span> <span class='ocrx_word' id='word_1_396' title='bbox 513 3229 708 3284; x_wconf 89' lang='lat' dir='ltr'><strong>habentdominos,</strong></span> <span class='ocrx_word' id='word_1_397' title='bbox 740 3232 810 3276; x_wconf 86' lang='lat' dir='ltr'><strong>nostri</strong></span> <span class='ocrx_word' id='word_1_398' title='bbox 822 3229 877 3278; x_wconf 88' lang='lat' dir='ltr'><strong>Jesu</strong></span> <span class='ocrx_word' id='word_1_399' title='bbox 891 3230 973 3279; x_wconf 86' lang='lat' dir='ltr'><strong>Christi</strong></span> <span class='ocrx_word' id='word_1_400' title='bbox 984 3250 991 3289; x_wconf 88' lang='lat'>;</span> 
     </span>
    </p>
   </div>
   <div class='ocr_carea' id='block_1_4' title="bbox 170 3291 1206 3357">
    <p class='ocr_par' dir='ltr' id='par_1_17' title="bbox 170 3291 1206 3357">
     <span class='ocr_line' id='line_1_45' title="bbox 170 3291 1206 3357; baseline 0.005 -16"><span class='ocrx_word' id='word_1_401' title='bbox 170 3327 173 3333; x_wconf 90' lang='lat'>-</span> <span class='ocrx_word' id='word_1_402' title='bbox 244 3294 450 3353; x_wconf 73' lang='lat' dir='ltr'><strong>useosdespieiant</strong></span> <span class='ocrx_word' id='word_1_403' title='bbox 466 3291 525 3352; x_wconf 72' lang='lat' dir='ltr'><strong>quod</strong></span> <span class='ocrx_word' id='word_1_404' title='bbox 542 3294 621 3340; x_wconf 83' lang='lat' dir='ltr'><strong>fratres</strong></span> <span class='ocrx_word' id='word_1_405' title='bbox 640 3303 705 3340; x_wconf 78' lang='lat' dir='ltr'><strong>aunt:</strong></span> <span class='ocrx_word' id='word_1_406' title='bbox 775 3298 804 3344; x_wconf 83' lang='lat'><strong>15</strong></span> <span class='ocrx_word' id='word_1_407' title='bbox 822 3294 896 3349; x_wconf 79' lang='lat' dir='ltr'><strong>Quem</strong></span> <span class='ocrx_word' id='word_1_408' title='bbox 905 3298 1038 3357; x_wconf 81' lang='lat' dir='ltr'><strong>temporibus</strong></span> <span class='ocrx_word' id='word_1_409' title='bbox 1048 3298 1093 3344; x_wconf 86' lang='lat' dir='ltr'><strong>suis</strong></span> <span class='ocrx_word' id='word_1_410' title='bbox 1102 3299 1206 3346; x_wconf 71' lang='lat' dir='ltr'><strong>ostendet</strong></span> 
     </span>
    </p>
   </div>
   <div class='ocr_carea' id='block_1_5' title="bbox 244 3354 1204 3546">
    <p class='ocr_par' dir='ltr' id='par_1_18' title="bbox 244 3354 1204 3546">
     <span class='ocr_line' id='line_1_46' title="bbox 244 3354 1204 3422; baseline 0.004 -17"><span class='ocrx_word' id='word_1_411' title='bbox 244 3359 284 3405; x_wconf 80' lang='lat' dir='ltr'><strong>aed</strong></span> <span class='ocrx_word' id='word_1_412' title='bbox 305 3354 378 3419; x_wconf 83' lang='lat' dir='ltr'><strong>potids</strong></span> <span class='ocrx_word' id='word_1_413' title='bbox 399 3357 527 3407; x_wconf 76' lang='lat' dir='ltr'><strong>inserviant,</strong></span> <span class='ocrx_word' id='word_1_414' title='bbox 550 3355 609 3417; x_wconf 81' lang='lat' dir='ltr'><strong>qudd</strong></span> <span class='ocrx_word' id='word_1_415' title='bbox 633 3357 708 3404; x_wconf 83' lang='lat' dir='ltr'><strong>fideles</strong></span> <span class='ocrx_word' id='word_1_416' title='bbox 741 3359 777 3404; x_wconf 93' lang='lat' dir='ltr'><strong>ille</strong></span> <span class='ocrx_word' id='word_1_417' title='bbox 788 3361 864 3405; x_wconf 85' lang='lat' dir='ltr'><strong>beatus</strong></span> <span class='ocrx_word' id='word_1_418' title='bbox 875 3369 898 3406; x_wconf 92' lang='lat' dir='ltr'><strong>et</strong></span> <span class='ocrx_word' id='word_1_419' title='bbox 908 3361 969 3406; x_wconf 87' lang='lat' dir='ltr'><strong>solus</strong></span> <span class='ocrx_word' id='word_1_420' title='bbox 981 3360 1094 3422; x_wconf 80' lang='lat' dir='ltr'><strong>Princeps,</strong></span> <span class='ocrx_word' id='word_1_421' title='bbox 1107 3361 1160 3408; x_wconf 70' lang='lat' dir='ltr'><strong>Rex</strong></span> <span class='ocrx_word' id='word_1_422' title='bbox 1169 3363 1204 3411; x_wconf 80' lang='lat' dir='ltr'><strong>ilie</strong></span> 
     </span>
     <span class='ocr_line' id='line_1_47' title="bbox 246 3421 1145 3483; baseline 0.003 -15"><span class='ocrx_word' id='word_1_423' title='bbox 246 3422 289 3468; x_wconf 81' lang='lat' dir='ltr'><strong>sint</strong></span> <span class='ocrx_word' id='word_1_424' title='bbox 301 3437 326 3467; x_wconf 90' lang='lat' dir='ltr'><strong>ae</strong></span> <span class='ocrx_word' id='word_1_425' title='bbox 342 3421 422 3474; x_wconf 86' lang='lat' dir='ltr'><strong>dilecti,</strong></span> <span class='ocrx_word' id='word_1_426' title='bbox 442 3422 478 3480; x_wconf 93' lang='lat' dir='ltr'><strong>qui</strong></span> <span class='ocrx_word' id='word_1_427' title='bbox 496 3421 661 3468; x_wconf 81' lang='lat' dir='ltr'><strong>beneficentiam</strong></span> <span class='ocrx_word' id='word_1_428' title='bbox 681 3423 708 3468; x_wconf 91' lang='lat' dir='ltr'><strong>il·</strong></span> <span class='ocrx_word' id='word_1_429' title='bbox 741 3439 827 3483; x_wconf 82' lang='lat' dir='ltr'><strong>regum,</strong></span> <span class='ocrx_word' id='word_1_430' title='bbox 839 3432 862 3469; x_wconf 88' lang='lat' dir='ltr'><strong>et</strong></span> <span class='ocrx_word' id='word_1_431' title='bbox 874 3423 988 3470; x_wconf 88' lang='lat' dir='ltr'><strong>Dominus</strong></span> <span class='ocrx_word' id='word_1_432' title='bbox 997 3426 1145 3480; x_wconf 86' lang='lat' dir='ltr'><strong>dominorum,</strong></span> 
     </span>
     <span class='ocr_line' id='line_1_48' title="bbox 247 3483 1204 3546; baseline 0.006 -15"><span class='ocrx_word' id='word_1_433' title='bbox 247 3483 288 3534; x_wconf 72' lang='lat' dir='ltr'><strong>hau</strong></span> <span class='ocrx_word' id='word_1_434' title='bbox 301 3494 424 3546; x_wconf 78' lang='lat' dir='ltr'><strong>capessunt.</strong></span> <span class='ocrx_word' id='word_1_435' title='bbox 452 3484 516 3530; x_wconf 86' lang='lat' dir='ltr'><strong>Haec</strong></span> <span class='ocrx_word' id='word_1_436' title='bbox 528 3486 582 3531; x_wconf 86' lang='lat' dir='ltr'><strong>doce</strong></span> <span class='ocrx_word' id='word_1_437' title='bbox 593 3493 616 3531; x_wconf 89' lang='lat' dir='ltr'><strong>et</strong></span> <span class='ocrx_word' id='word_1_438' title='bbox 626 3487 708 3532; x_wconf 86' lang='lat' dir='ltr'><strong>exhor·</strong></span> <span class='ocrx_word' id='word_1_439' title='bbox 776 3491 805 3534; x_wconf 88' lang='grc'><strong>16</strong></span> <span class='ocrx_word' id='word_1_440' title='bbox 823 3487 869 3540; x_wconf 82' lang='lat' dir='ltr'><strong>Qui</strong></span> <span class='ocrx_word' id='word_1_441' title='bbox 889 3489 948 3535; x_wconf 87' lang='lat' dir='ltr'><strong>solus</strong></span> <span class='ocrx_word' id='word_1_442' title='bbox 967 3491 1032 3535; x_wconf 88' lang='lat' dir='ltr'><strong>habet</strong></span> <span class='ocrx_word' id='word_1_443' title='bbox 1051 3490 1204 3537; x_wconf 70' lang='lat' dir='ltr'><strong>immortalita-</strong></span> 
     </span>
    </p>
   </div>
   <div class='ocr_carea' id='block_1_6' title="bbox 187 3551 1203 3605">
    <p class='ocr_par' dir='ltr' id='par_1_19' title="bbox 187 3551 1203 3605">
     <span class='ocr_line' id='line_1_49' title="bbox 187 3551 1203 3605; baseline 0.006 -11"><span class='ocrx_word' id='word_1_444' title='bbox 187 3575 189 3578; x_wconf 95' lang='lat'>-</span> <span class='ocrx_word' id='word_1_445' title='bbox 249 3556 299 3595; x_wconf 67' lang='lat' dir='ltr'><strong>iare.</strong></span> <span class='ocrx_word' id='word_1_446' title='bbox 741 3558 793 3605; x_wconf 91' lang='lat' dir='ltr'><strong>tem,</strong></span> <span class='ocrx_word' id='word_1_447' title='bbox 826 3551 899 3598; x_wconf 84' lang='lat' dir='ltr'><strong>lucem</strong></span> <span class='ocrx_word' id='word_1_448' title='bbox 932 3553 1032 3600; x_wconf 86' lang='lat' dir='ltr'><strong>habitans</strong></span> <span class='ocrx_word' id='word_1_449' title='bbox 1063 3554 1203 3600; x_wconf 72' lang='lat' dir='ltr'><strong>inaccessam</strong></span> 
     </span>
    </p>
   </div>
   <div class='ocr_carea' id='block_1_7' title="bbox 247 3611 1207 3802">
    <p class='ocr_par' dir='ltr' id='par_1_20' title="bbox 247 3611 1207 3802">
     <span class='ocr_line' id='line_1_50' title="bbox 277 3611 1207 3678; baseline 0.008 -20"><span class='ocrx_word' id='word_1_450' title='bbox 277 3617 294 3658; x_wconf 75' lang='grc' dir='ltr'><strong>ὅ</strong></span> <span class='ocrx_word' id='word_1_451' title='bbox 312 3612 384 3672; x_wconf 74' lang='lat' dir='ltr'><strong>Sionis</strong></span> <span class='ocrx_word' id='word_1_452' title='bbox 393 3613 501 3658; x_wconf 84' lang='lat' dir='ltr'><strong>diversam</strong></span> <span class='ocrx_word' id='word_1_453' title='bbox 509 3613 708 3670; x_wconf 81' lang='lat' dir='ltr'><strong>docetdoetrinam,</strong></span> <span class='ocrx_word' id='word_1_454' title='bbox 741 3629 807 3675; x_wconf 85' lang='lat' dir='ltr'><strong>quem</strong></span> <span class='ocrx_word' id='word_1_455' title='bbox 829 3617 884 3662; x_wconf 79' lang='lat' dir='ltr'><strong>vidit</strong></span> <span class='ocrx_word' id='word_1_456' title='bbox 905 3631 971 3663; x_wconf 87' lang='lat' dir='ltr'><strong>nemo</strong></span> <span class='ocrx_word' id='word_1_457' title='bbox 993 3618 1114 3672; x_wconf 89' lang='lat' dir='ltr'><strong>hominum,</strong></span> <span class='ocrx_word' id='word_1_458' title='bbox 1127 3611 1207 3678; x_wconf 74' lang='lat' dir='ltr'><strong>¹neque</strong></span> 
     </span>
     <span class='ocr_line' id='line_1_51' title="bbox 247 3677 1205 3742; baseline 0.008 -21"><span class='ocrx_word' id='word_1_459' title='bbox 247 3677 411 3734; x_wconf 67' lang='lat' dir='ltr'><strong>nequieaccedit</strong></span> <span class='ocrx_word' id='word_1_460' title='bbox 425 3677 484 3722; x_wconf 86' lang='lat' dir='ltr'><strong>sanis</strong></span> <span class='ocrx_word' id='word_1_461' title='bbox 499 3679 636 3724; x_wconf 87' lang='lat' dir='ltr'><strong>sermonibus</strong></span> <span class='ocrx_word' id='word_1_462' title='bbox 655 3678 708 3724; x_wconf 90' lang='lat' dir='ltr'><strong>Do·</strong></span> <span class='ocrx_word' id='word_1_463' title='bbox 741 3679 816 3726; x_wconf 80' lang='lat' dir='ltr'><strong>videre</strong></span> <span class='ocrx_word' id='word_1_464' title='bbox 837 3689 927 3742; x_wconf 86' lang='lat' dir='ltr'><strong>potest;</strong></span> <span class='ocrx_word' id='word_1_465' title='bbox 951 3682 986 3726; x_wconf 82' lang='lat' dir='ltr'><strong>eui</strong></span> <span class='ocrx_word' id='word_1_466' title='bbox 1010 3684 1081 3728; x_wconf 86' lang='lat' dir='ltr'><strong>honor</strong></span> <span class='ocrx_word' id='word_1_467' title='bbox 1097 3691 1120 3728; x_wconf 90' lang='lat' dir='ltr'><strong>et</strong></span> <span class='ocrx_word' id='word_1_468' title='bbox 1140 3685 1205 3729; x_wconf 88' lang='lat' dir='ltr'><strong>robur</strong></span> 
     </span>
     <span class='ocr_line' id='line_1_52' title="bbox 247 3737 978 3802; baseline 0.01 -20"><span class='ocrx_word' id='word_1_469' title='bbox 247 3740 298 3782; x_wconf 88' lang='lat' dir='ltr'><strong>mini</strong></span> <span class='ocrx_word' id='word_1_470' title='bbox 310 3739 380 3782; x_wconf 83' lang='lat' dir='ltr'><strong>nostri</strong></span> <span class='ocrx_word' id='word_1_471' title='bbox 391 3737 447 3785; x_wconf 87' lang='lat' dir='ltr'><strong>Jesu</strong></span> <span class='ocrx_word' id='word_1_472' title='bbox 465 3738 554 3793; x_wconf 85' lang='lat' dir='ltr'><strong>Christi,</strong></span> <span class='ocrx_word' id='word_1_473' title='bbox 572 3748 595 3786; x_wconf 91' lang='lat' dir='ltr'><strong>et</strong></span> <span class='ocrx_word' id='word_1_474' title='bbox 613 3743 633 3786; x_wconf 89' lang='lat' dir='ltr'><strong>ei</strong></span> <span class='ocrx_word' id='word_1_475' title='bbox 653 3758 709 3802; x_wconf 87' lang='lat' dir='ltr'><strong>quae</strong></span> <span class='ocrx_word' id='word_1_476' title='bbox 741 3751 862 3789; x_wconf 83' lang='lat' dir='ltr'><strong>aeternum.</strong></span> <span class='ocrx_word' id='word_1_477' title='bbox 897 3745 978 3791; x_wconf 86' lang='lat' dir='ltr'><strong>Amen.</strong></span> 
     </span>
    </p>
   </div>
   <div class='ocr_carea' id='block_1_8' title="bbox 247 3797 1193 3908">
    <p class='ocr_par' dir='ltr' id='par_1_21' title="bbox 247 3797 1193 3908">
     <span class='ocr_line' id='line_1_53' title="bbox 247 3797 1193 3908; baseline 0.011 -61"><span class='ocrx_word' id='word_1_478' title='bbox 247 3797 366 3848; x_wconf 64' lang='lat' dir='ltr'><strong>mundum</strong></span> <span class='ocrx_word' id='word_1_479' title='bbox 377 3801 481 3908; x_wconf 55' lang='grc' dir='ltr'><strong>111111ιὲ98ῐὲ</strong></span> <span class='ocrx_word' id='word_1_480' title='bbox 492 3815 527 3846; x_wconf 83' lang='lat' dir='ltr'><strong>est</strong></span> <span class='ocrx_word' id='word_1_481' title='bbox 537 3803 656 3858; x_wconf 88' lang='lat' dir='ltr'><strong>doetrinae,</strong></span> <span class='ocrx_word' id='word_1_482' title='bbox 776 3809 803 3852; x_wconf 88' lang='grc'><strong>17</strong></span> <span class='ocrx_word' id='word_1_483' title='bbox 823 3806 853 3852; x_wconf 92' lang='lat' dir='ltr'><strong>lis</strong></span> <span class='ocrx_word' id='word_1_484' title='bbox 865 3809 901 3866; x_wconf 84' lang='lat' dir='ltr'><strong>qui</strong></span> <span class='ocrx_word' id='word_1_485' title='bbox 914 3810 992 3854; x_wconf 84' lang='lat' dir='ltr'><strong>divites</strong></span> <span class='ocrx_word' id='word_1_486' title='bbox 1004 3809 1084 3854; x_wconf 86' lang='lat' dir='ltr'><strong>suntin</strong></span> <span class='ocrx_word' id='word_1_487' title='bbox 1092 3810 1193 3857; x_wconf 80' lang='lat' dir='ltr'><strong>lroeseeu</strong></span> 
     </span>
    </p>
   </div>
   <div class='ocr_carea' id='block_1_9' title="bbox 0 0 1385 4312">
    <p class='ocr_par' dir='ltr' id='par_1_22' title="bbox 0 0 1385 4312">
     <span class='ocr_line' id='line_1_54' title="bbox 0 0 1385 4312; baseline 0 0"><span class='ocrx_word' id='word_1_488' title='bbox 0 0 1385 4312; x_wconf 95' lang='lat' dir='ltr'><strong> </strong></span> 
     </span>
    </p>
   </div>
  </div>
 </body>
</html>
