2756 4320
509 373 559 418 AD
575 373 749 430 11011111Νο3,
772 377 819 423 XI.

182 473 255 532 arun.
266 479 362 540 speciosi
371 479 440 538 pedes
448 480 651 540 evangelizantium
713 483 728 527 7
746 481 808 535 Quid
818 483 905 544 igitur?
927 485 986 544 quod
1001 484 1091 544 requirit
1110 483 1138 531 la

184 557 264 595 uocem,
276 544 486 604 evangelizantium
497 543 567 591 bona!
682 545 732 599 rael,
755 548 797 593 ime
819 563 864 592 non
883 556 917 593 est
936 557 1081 608 assequutus:
1107 549 1143 596 sed

217 610 246 652 16
264 607 310 652 Sed
333 623 379 652 non
402 622 481 654 omnes
502 605 652 654 auscultainrnt
681 609 935 671 electiassequutisunt,
954 613 1029 672 reliqui
1041 610 1133 659 verdoc

185 670 317 730 evangelio:
343 671 424 716 Esaias
441 671 501 716 enim
521 672 579 725 dicit,
600 671 651 716 Do·
682 673 802 727 caluerunt,

185 733 249 788 mi'ue,
262 735 312 793 quis
323 735 417 780 credidit
428 736 523 780 sennoni
536 735 630 780 nostro?
715 739 729 780 8
748 737 822 798 (Sicut
840 738 945 798 scriptum
963 745 1003 790 est,
1024 738 1095 786 Dedit
1113 741 1144 786 eia

220 801 247 844 17
266 798 332 859 Ergo
343 797 398 844 fides
409 813 438 844 ex
449 799 523 844 auditu
535 811 574 852 est,
589 799 650 845 audi-
684 797 748 845 Deus
760 801 848 861 spiritus
860 802 944 861 soporis
951 818 958 858 ;
976 802 1052 848 oculos
1064 811 1143 850 utnon

186 867 221 906 tus
233 869 307 908 autem
319 877 358 922 per
368 863 460 907 verbum
472 862 523 908 Dei.
682 863 777 917 videant,
799 872 823 909 et
844 879 907 910 aures
928 872 953 910 ut
972 881 1017 911 non
1036 865 1144 928 audiant)

220 929 249 970 18
268 926 313 972 Sed
323 926 424 1006 (inquam
433 923 484 985 ego)
494 941 567 972 annon
576 927 651 972 audie·
682 941 752 986 usque
762 928 789 973 ad
800 928 930 974 hodiernum
941 929 1006 974 diem.

185 988 257 1034 runt?
287 987 337 1034 lmo
354 987 408 1035 verri
424 989 446 1034 iu
464 1005 552 1036 omnem
570 997 650 1036 terram
715 996 730 1037 9
755 989 788 1036 Et
810 991 887 1036 David
907 992 966 1046 dicit,
996 991 1046 1038 Fiat
1067 1009 1143 1042 mensa

186 1053 256 1098 exirit
268 1067 336 1098 sonus
346 1067 431 1106 eorum,
448 1061 471 1099 et
486 1055 509 1100 in
524 1053 579 1100 lines
593 1055 651 1100 orbis
682 1068 759 1098 eorum
770 1055 793 1099 in
805 1055 914 1115 laqueum,
930 1063 953 1101 et
964 1056 1105 1109 tendiculum,
1119 1072 1141 1106 ar

187 1123 295 1162 'serrarum
307 1117 373 1162 verba
383 1133 467 1162 eorum.
683 1117 845 1171 offendiculum,
857 1126 880 1164 et
891 1119 995 1164 talionem
1006 1120 1072 1180 ipsis:

221 1185 251 1227 19
270 1181 314 1226 Sed
326 1181 426 1243 (inquam
437 1177 488 1240 ego)
503 1181 602 1244 nunquid
614 1179 649 1228 Is·
717 1185 747 1226 10
764 1181 941 1228 obtenebrentur
952 1183 1009 1228 oculi
1021 1197 1104 1236 eorum,
1117 1188 1142 1227 nt

187 1243 232 1290 rael
248 1259 293 1290 non
310 1245 417 1306 cognovit
434 1245 534 1291 Deum?
561 1245 652 1291 Pn'rnur
682 1257 842 1302 noneemant3
864 1253 985 1308 ettergum
997 1260 1074 1292 eorum
1086 1263 1142 1293 aern-

188 1307 269 1354 Moses
287 1309 345 1362 dicit,
365 1308 419 1368 Ego
436 1308 463 1354 ad
481 1308 650 1355 aemulationem
682 1325 722 1370 per
732 1308 830 1355 incurva.

185 1373 311 1432 provocabo
323 1387 413 1433 vesper
426 1379 516 1434 gentem
532 1387 588 1432 quae
605 1388 650 1418 non
716 1377 742 1434 11
763 1375 830 1420 Num
841 1373 910 1436 igitur
921 1373 1021 1437 (inquam
1032 1371 1084 1434 ego)
1101 1375 1131 1420 im

185 1444 221 1481 est
231 1451 302 1496 gens:
327 1445 474 1498 pergentem,
491 1437 650 1498 intelligentiae
681 1438 979 1498 pegeruututlaberentur?
1001 1439 1081 1484 Absit:
1106 1448 1144 1488 seu

155 1519 157 1522 ·
186 1508 307 1560 expertem,
318 1501 345 1546 ad
356 1500 411 1546 iram
423 1515 463 1546 vos
473 1501 605 1561 provocabo.
681 1515 720 1562 per
730 1517 807 1547 eorum
818 1501 903 1563 lapsum
917 1503 975 1550 salus
991 1503 1069 1563 obtigit
1085 1519 1141 1564 gen-

219 1567 252 1609 20
269 1563 347 1610 Esaias
367 1571 442 1610 autem
463 1565 532 1612 utitur
554 1559 650 1620 audaeii,
681 1565 744 1618 tibus,
756 1573 781 1612 ut
791 1581 830 1612 eos
841 1567 867 1613 ad
880 1567 1048 1614 aemulationem
1060 1583 1140 1628 provo·

186 1627 288 1688 dicitque,
307 1625 416 1674 Inventus
427 1643 476 1674 sum
487 1630 513 1674 ab
524 1627 551 1674 iis
562 1628 597 1689 qui
615 1643 651 1675 me
681 1640 747 1674 caret.

187 1707 232 1738 uon
255 1692 401 1751 quaerebant:
432 1693 563 1753 conspicuus
579 1693 650 1740 factus
712 1690 1141 1754 ‘12Quodsieammruinaestoputen·

186 1771 236 1800 sum
258 1757 284 1802 iis
303 1756 342 1816 qui
360 1756 387 1801 de
406 1771 442 1802 me
461 1771 506 1802 nou
526 1757 649 1818 interroga·
680 1755 711 1802 tia
721 1758 803 1804 mundi.
821 1765 844 1802 et
860 1757 976 1802 diminutio
992 1772 1068 1803 eorum
1086 1773 1142 1817 opu·

186 1820 246 1864 bant.
680 1819 748 1865 leutra
757 1820 857 1880 gentium
868 1835 875 1874 ;
891 1817 974 1880 quantd
990 1821 1061 1881 magis
1072 1821 1142 1881 pleni·

219 1887 247 1927 21
266 1879 383 1928 Adrersds
395 1881 500 1928 Israelem
509 1890 582 1929 autem
591 1883 649 1938 dicit,
680 1883 734 1928 tudo
745 1884 843 1944 ipsorum
854 1883 864 1927 .⁹

187 1945 247 1992 Toto
269 1948 305 1992 die
326 1947 420 2007 expandi
441 1963 520 1993 manus
541 1963 601 1993 meas
623 1948 650 1994 ad
715 1951 744 1991 13
762 1943 1142 2009 Nam(quddvobisdicog'cntibus,
1215 1973 1225 1981 ι

187 2011 293 2075 populum
304 2011 406 2058 rebellem
418 2018 441 2057 et
455 2012 649 2058 contradicentem.
680 2018 787 2070 quatenus
808 2026 852 2072 ego
873 2007 962 2072 quiddm
984 2027 1033 2056 sum
1053 2019 1142 2072 aposto·

679 2073 714 2120 lus
730 2073 842 2136 gentium)
863 2075 1007 2122 ministerium
1024 2089 1099 2122 meum
1116 2076 1142 2119 11-

349 2137 422 2186 CAP.
443 2137 489 2184 XI.
680 2137 766 2184 lustro:
798 2150 799 2154 ’

251 2203 306 2250 UM
317 2203 385 2264 igitur
397 2202 496 2264 (inquam
507 2198 558 2262 ego)
573 2203 650 2264 abjeed
710 2206 744 2246 14
766 2205 797 2250 Ut
818 2204 922 2262 reperiar
943 2203 961 2248 ai
982 2203 1094 2262 quomodo
1115 2203 1142 2248 ad

271 2267 337 2312 Deus
356 2265 462 2328 populum
483 2265 545 2312 illum
565 2267 649 2312 suum?
681 2265 849 2311 aemulationem
868 2281 987 2326 provocem
1007 2265 1142 2326 consangui-

189 2331 266 2377 Absit:
286 2347 336 2376 nam
348 2337 371 2376 et
381 2346 425 2390 ego
437 2328 537 2376 israelita
548 2345 603 2384 sum,
620 2345 650 2376 ex
680 2344 735 2375 neos
746 2344 814 2382 meos,
831 2337 854 2374 et
865 2343 950 2375 servem
964 2329 1048 2389 aliquos
1064 2343 1092 2374 ex
1109 2329 1142 2390 ip-

187 2395 271 2440 semine
283 2395 409 2446 Abrahami,
424 2394 494 2440 tribus
505 2393 638 2456 Benjamiui.
681 2395 718 2439 sis.

219 2463 234 2503 2
252 2457 306 2504 Νοη
316 2459 392 2520 abjecit
401 2457 465 2503 Deus
473 2458 578 2519 populum
587 2457 648 2504 ilium
716 2457 745 2503 15
761 2454 822 2502 Nam
834 2455 851 2501 si
863 2455 955 2517 abjectio
966 2470 1042 2500 eorum
1057 2467 1091 2500 est
1108 2471 1142 2501 re·

188 2537 251 2567 suurn
268 2537 334 2582 quern
350 2521 472 2582 praenovit,
505 2522 544 2567 Aa
560 2523 649 2568 nescitis
681 2520 805 2566 conciliatio
816 2519 899 2574 mundi,
916 2535 971 2580 quae
987 2521 1140 2580 eritassurnp-

187 2586 214 2631 de
228 2584 280 2632 Eliai
295 2586 348 2646 quid
364 2586 422 2631 dicat
440 2585 571 2646 Scriptura?
592 2602 648 2646 quo·
681 2585 718 2638 tio,
731 2584 772 2630 nisi
783 2585 829 2630 vita
839 2597 868 2630 ex
878 2583 989 2630 mortuis?
1082 2625 1084 2629 .

187 2649 253 2695 nrotlo
275 2649 411 2709 colloquatur
427 2663 479 2696 oum
497 2649 556 2704 Deo,
576 2650 650 2696 diceus
716 2652 745 2694 16
763 2645 1143 2710 Quddsiprimitiaesanctae,saac·

187 2710 291 2759 adversrls
304 2711 416 2766 Israelem,
681 2719 705 2758 ta
722 2713 787 2758 etiam
805 2728 891 2760 massa:
915 2714 972 2760 etsi
990 2713 1051 2759 radix
1069 2722 1143 2761 sancta

218 2781 235 2823 5
252 2777 358 2830 Domine,
373 2777 490 2837 prophetas
501 2783 551 2822 tuos
562 2778 649 2823 occide·
681 2784 720 2829 est,
732 2777 797 2822 etiarn
809 2778 870 2823 rami.

187 2848 245 2895 runt,
263 2848 285 2886 et
302 2841 379 2886 altaria
396 2848 435 2886 tua
452 2841 605 2897 suffoderunt;
627 2848 650 2888 et
716 2843 743 2888 17
762 2839 829 2894 Qudd
841 2841 858 2886 si
870 2841 969 2886 nonnulli
982 2841 1036 2886 rami
1053 2839 1142 2886 defracti

187 2921 230 2965 ego
239 2904 328 2950 relictus
339 2920 388 2950 sum
400 2903 466 2958 solus,
479 2911 502 2950 et
513 2913 591 2967 petunt
601 2907 649 2952 ani·
682 2911 740 2957 sunt,
763 2911 786 2950 tu
805 2901 859 2950 verd
877 2919 945 2963 quum
965 2919 1024 2949 esses
1043 2903 1143 2956 oleaster,

187 2982 245 3014 mam
257 2983 336 3014 meatu.
681 2968 759 3013 insitus
770 2983 794 3012 es
810 2981 850 3027 pro
866 2967 925 3026 ipsis,
943 2973 966 3011 et
982 2966 1091 3026 particeps
1107 2981 1143 3012 ra·

218 3037 235 3076 4
252 3033 298 3078 Sed
316 3031 368 3092 quid
387 3031 439 3077 dicit
457 3029 478 3077 el
496 3031 595 3078 (lirinum
615 3047 649 3078 re-
682 3031 737 3076 dicis
746 3045 771 3076 ac
783 3029 921 3090 pinguedinis
932 3029 994 3073 oleae
1003 3027 1075 3073 factus
1086 3043 1125 3074 esa

188 3093 314 3156 sponsum?
336 3093 389 3147 Feci
406 3102 430 3140 ut
441 3097 585 3141 remanserint
597 3095 649 3141 1111111
717 3097 746 3138 18
762 3093 801 3138 Ne
819 3091 914 3152 gloriare
931 3087 1037 3136 adversrls
1054 3106 1140 3138 ramos:

188 3169 271 3219 septem
283 3159 351 3205 millia
361 3159 459 3204 virorum
470 3159 506 3220 qul
518 3175 563 3206 non
580 3159 649 3204 flexe·
682 3153 740 3217 qudd
752 3156 769 3202 si
780 3155 887 3216 gloriaris,
900 3170 944 3200 non
954 3161 978 3199 tu
987 3153 1081 3199 radicem
1091 3170 1142 3216 por.

188 3231 237 3270 runt
249 3223 310 3284 genu
321 3224 420 3282 imagini
431 3221 512 3269 Baulis.
683 3228 722 3273 tas,
736 3219 773 3266 sed
785 3219 846 3266 radix
857 3228 886 3264 te.

220 3291 235 3333 5
253 3289 291 3334 Itu
303 3287 371 3346 igitur
381 3294 404 3332 et
415 3287 457 3332 hoc
468 3296 567 3348 tempore
579 3302 649 3331 reser·
718 3289 746 3331 19
764 3282 834 3328 Dices
845 3281 918 3342 igitur,
931 3279 1021 3326 defracti
1030 3288 1081 3326 sunt
1090 3295 1142 3328 rami

190 3351 247 3396 ratio
259 3347 379 3396 secundum
391 3350 520 3396 electionem
530 3350 649 3412 gratuitam
684 3355 707 3394 ut
719 3363 762 3408 ego
775 3347 889 3392 insererer.

190 3413 247 3460 iacta
259 3421 300 3459 est.
568 3423 574 3434 ·
716 3417 747 3456 20
764 3406 850 3456 Rectdr
875 3425 913 3470 per
922 3407 1095 3456 incredulitatem
1105 3409 1143 3456 de·

220 3483 236 3524 6
253 3474 321 3530 Quod
330 3477 348 3522 si
357 3492 396 3537 per
407 3477 507 3538 gratiam,
516 3491 561 3524 non
566 3477 613 3537 jam
623 3491 651 3521 ex
682 3475 745 3520 fracti
754 3481 812 3528 sunt,
824 3481 848 3518 tu
857 3469 911 3518 verri
919 3467 1030 3532 perfidem
1038 3479 1097 3518 stas:
1117 3473 1157 3520 na'

190 3543 304 3601 operibus;
322 3541 418 3600 alioquin
430 3541 501 3602 gratia
506 3543 554 3603 jam
564 3555 608 3585 non
618 3546 652 3584 est
682 3539 772 3585 effertor
782 3538 863 3588 animo,
876 3536 914 3580 sed
924 3536 993 3580 time:
1194 3537 1198 3551 ¹

167 3644 170 3649 .
190 3613 273 3666 gratia:
293 3605 326 3650 rin
338 3619 366 3650 ex
377 3606 485 3665 operibus,
497 3607 546 3666 jam
561 3619 606 3649 non
618 3609 652 3648 eat
715 3605 743 3646 21
764 3600 824 3646 Nam
836 3600 853 3644 si
863 3599 927 3644 Deus
936 3597 1070 3645 naturalibus
1078 3600 1143 3648 11111111

191 3667 276 3728 gratia3
301 3668 397 3728 alioquin
415 3683 471 3729 opus
485 3670 533 3728 jaun
552 3682 597 3712 uon
617 3673 651 3712 est
682 3661 989 3726 noupeaercitar’deuetibi
1001 3675 1140 3726 quoqueaou

194 3744 253 3792 spur.
360 3755 401 3800 181
682 3736 757 3790 parcat
