<?xml version="1.0" encoding="UTF-8"?>
<!DOCTYPE html PUBLIC "-//W3C//DTD XHTML 1.0 Transitional//EN"
    "http://www.w3.org/TR/xhtml1/DTD/xhtml1-transitional.dtd">
<html xmlns="http://www.w3.org/1999/xhtml" xml:lang="en" lang="en">
 <head>
  <title>
</title>
<meta http-equiv="Content-Type" content="text/html;charset=utf-8" />
  <meta name='ocr-system' content='tesseract 3.04.00' />
  <meta name='ocr-capabilities' content='ocr_page ocr_carea ocr_par ocr_line ocrx_word'/>
</head>
<body>
  <div class='ocr_page' id='page_1' title='image "./novumtestamentu03unkngoog/novumtestamentu03unkngoog_0258.png"; bbox 0 0 2720 4312; ppageno 0'>
   <div class='ocr_carea' id='block_1_1' title="bbox 530 321 842 374">
    <p class='ocr_par' dir='ltr' id='par_1_1' title="bbox 530 321 842 374">
     <span class='ocr_line' id='line_1_1' title="bbox 530 321 842 374; baseline -0.019 0"><span class='ocrx_word' id='word_1_1' title='bbox 530 323 637 374; x_wconf 82' lang='lat' dir='ltr'>PAULI</span> <span class='ocrx_word' id='word_1_2' title='bbox 654 321 823 372; x_wconf 82' lang='lat' dir='ltr'>EPISTOLA</span> <span class='ocrx_word' id='word_1_3' title='bbox 840 321 842 326; x_wconf 86' lang='lat'>&#39;</span> 
     </span>
    </p>
   </div>
   <div class='ocr_carea' id='block_1_2' title="bbox 148 429 1160 3686">
    <p class='ocr_par' dir='ltr' id='par_1_2' title="bbox 197 429 1153 672">
     <span class='ocr_line' id='line_1_2' title="bbox 200 429 1146 496; baseline -0.004 -15"><span class='ocrx_word' id='word_1_4' title='bbox 200 433 351 481; x_wconf 76' lang='lat' dir='ltr'>tumclunore</span> <span class='ocrx_word' id='word_1_5' title='bbox 362 434 434 480; x_wconf 80' lang='lat' dir='ltr'>valido</span> <span class='ocrx_word' id='word_1_6' title='bbox 445 440 468 480; x_wconf 90' lang='lat' dir='ltr'>et</span> <span class='ocrx_word' id='word_1_7' title='bbox 478 431 588 494; x_wconf 78' lang='lat' dir='ltr'>lacrymis,</span> <span class='ocrx_word' id='word_1_8' title='bbox 600 430 658 492; x_wconf 76' lang='lat' dir='ltr'>apud</span> <span class='ocrx_word' id='word_1_9' title='bbox 689 429 711 475; x_wconf 92' lang='lat' dir='ltr'>in</span> <span class='ocrx_word' id='word_1_10' title='bbox 727 443 751 476; x_wconf 87' lang='lat' dir='ltr'>se</span> <span class='ocrx_word' id='word_1_11' title='bbox 765 429 892 476; x_wconf 81' lang='lat' dir='ltr'>venientem</span> <span class='ocrx_word' id='word_1_12' title='bbox 906 430 1042 486; x_wconf 75' lang='lat' dir='ltr'>combiberit,</span> <span class='ocrx_word' id='word_1_13' title='bbox 1061 439 1085 480; x_wconf 90' lang='lat' dir='ltr'>et</span> <span class='ocrx_word' id='word_1_14' title='bbox 1100 451 1146 496; x_wconf 80' lang='lat' dir='ltr'>pro</span> 
     </span>
     <span class='ocr_line' id='line_1_3' title="bbox 198 494 1150 560; baseline -0.002 -16"><span class='ocrx_word' id='word_1_15' title='bbox 198 512 246 544; x_wconf 77' lang='lat' dir='ltr'>titul</span> <span class='ocrx_word' id='word_1_16' title='bbox 257 497 294 560; x_wconf 88' lang='lat' dir='ltr'>qui</span> <span class='ocrx_word' id='word_1_17' title='bbox 306 504 391 560; x_wconf 85' lang='lat' dir='ltr'>poterat</span> <span class='ocrx_word' id='word_1_18' title='bbox 399 499 470 558; x_wconf 89' lang='lat' dir='ltr'>ipsum</span> <span class='ocrx_word' id='word_1_19' title='bbox 479 512 567 543; x_wconf 87' lang='lat' dir='ltr'>servare</span> <span class='ocrx_word' id='word_1_20' title='bbox 575 511 588 541; x_wconf 88' lang='lat' dir='ltr'>a</span> <span class='ocrx_word' id='word_1_21' title='bbox 596 511 657 541; x_wconf 87' lang='lat' dir='ltr'>mor·</span> <span class='ocrx_word' id='word_1_22' title='bbox 688 494 791 554; x_wconf 82' lang='lat' dir='ltr'><strong>genuerit</strong></span> <span class='ocrx_word' id='word_1_23' title='bbox 801 495 891 538; x_wconf 89' lang='lat' dir='ltr'>herbam</span> <span class='ocrx_word' id='word_1_24' title='bbox 901 496 1067 542; x_wconf 81' lang='lat' dir='ltr'>accommodam</span> <span class='ocrx_word' id='word_1_25' title='bbox 1078 497 1105 542; x_wconf 88' lang='lat' dir='ltr'>iis</span> <span class='ocrx_word' id='word_1_26' title='bbox 1115 514 1150 560; x_wconf 77' lang='lat' dir='ltr'>per</span> 
     </span>
     <span class='ocr_line' id='line_1_4' title="bbox 198 557 1153 667; baseline 0.003 -60"><span class='ocrx_word' id='word_1_27' title='bbox 198 571 225 616; x_wconf 79' lang='lat' dir='ltr'>te,</span> <span class='ocrx_word' id='word_1_28' title='bbox 237 570 260 608; x_wconf 92' lang='lat' dir='ltr'>et</span> <span class='ocrx_word' id='word_1_29' title='bbox 270 561 378 608; x_wconf 77' lang='lat' dir='ltr'>exauditis</span> <span class='ocrx_word' id='word_1_30' title='bbox 388 562 488 622; x_wconf 86' lang='lat' dir='ltr'>precibus</span> <span class='ocrx_word' id='word_1_31' title='bbox 503 561 613 606; x_wconf 76' lang='lat' dir='ltr'>liberatus</span> <span class='ocrx_word' id='word_1_32' title='bbox 629 573 658 604; x_wconf 83' lang='lat' dir='ltr'>ex</span> <span class='ocrx_word' id='word_1_33' title='bbox 689 573 746 667; x_wconf 70' lang='lat' dir='ltr'>qulqs</span> <span class='ocrx_word' id='word_1_34' title='bbox 756 557 871 613; x_wconf 67' lang='lat' dir='ltr'>excolitur,</span> <span class='ocrx_word' id='word_1_35' title='bbox 889 559 965 620; x_wconf 83' lang='lat' dir='ltr'>recipit</span> <span class='ocrx_word' id='word_1_36' title='bbox 977 560 1153 610; x_wconf 75' lang='lat' dir='ltr'><strong>benedictionem</strong></span> 
     </span>
     <span class='ocr_line' id='line_1_5' title="bbox 197 632 782 672; baseline -0.009 0"><span class='ocrx_word' id='word_1_37' title='bbox 197 632 242 672; x_wconf 87' lang='lat' dir='ltr'>met</span> <span class='ocrx_word' id='word_1_38' title='bbox 689 637 703 667; x_wconf 92' lang='lat' dir='ltr'>a</span> <span class='ocrx_word' id='word_1_39' title='bbox 741 637 782 667; x_wconf 84' lang='lat' dir='ltr'>eo:</span> 
     </span>
    </p>

    <p class='ocr_par' dir='ltr' id='par_1_3' title="bbox 148 641 1154 934">
     <span class='ocr_line' id='line_1_6' title="bbox 148 641 1154 760; baseline 0.002 -26"><span class='ocrx_word' id='word_1_40' title='bbox 148 729 152 734; x_wconf 88' lang='lat'>.</span> <span class='ocrx_word' id='word_1_41' title='bbox 229 641 370 743; x_wconf 67' lang='lat' dir='ltr'>su’Qusnvn</span> <span class='ocrx_word' id='word_1_42' title='bbox 382 685 526 740; x_wconf 76' lang='lat' dir='ltr'>liliusesset,</span> <span class='ocrx_word' id='word_1_43' title='bbox 542 694 618 733; x_wconf 78' lang='lat' dir='ltr'>tomen</span> <span class='ocrx_word' id='word_1_44' title='bbox 631 700 660 731; x_wconf 89' lang='lat' dir='ltr'>ex</span> <span class='ocrx_word' id='word_1_45' title='bbox 723 690 738 730; x_wconf 84' lang='lat'>8</span> <span class='ocrx_word' id='word_1_46' title='bbox 755 686 789 732; x_wconf 78' lang='lat' dir='ltr'>At</span> <span class='ocrx_word' id='word_1_47' title='bbox 804 701 860 760; x_wconf 81' lang='lat' dir='ltr'>quae</span> <span class='ocrx_word' id='word_1_48' title='bbox 874 685 957 748; x_wconf 80' lang='lat' dir='ltr'>profert</span> <span class='ocrx_word' id='word_1_49' title='bbox 968 688 1041 748; x_wconf 88' lang='lat' dir='ltr'>spinas</span> <span class='ocrx_word' id='word_1_50' title='bbox 1051 695 1074 734; x_wconf 88' lang='lat' dir='ltr'>et</span> <span class='ocrx_word' id='word_1_51' title='bbox 1085 689 1154 736; x_wconf 90' lang='lat' dir='ltr'>tribu·</span> 
     </span>
     <span class='ocr_line' id='line_1_7' title="bbox 197 748 1154 814; baseline 0 -14"><span class='ocrx_word' id='word_1_52' title='bbox 197 751 223 800; x_wconf 80' lang='lat' dir='ltr'>rb</span> <span class='ocrx_word' id='word_1_53' title='bbox 241 767 297 813; x_wconf 84' lang='lat' dir='ltr'>quae</span> <span class='ocrx_word' id='word_1_54' title='bbox 315 767 392 814; x_wconf 83' lang='lat' dir='ltr'>passus</span> <span class='ocrx_word' id='word_1_55' title='bbox 414 759 448 798; x_wconf 89' lang='lat' dir='ltr'>est</span> <span class='ocrx_word' id='word_1_56' title='bbox 464 751 538 798; x_wconf 82' lang='lat' dir='ltr'>didicit</span> <span class='ocrx_word' id='word_1_57' title='bbox 555 750 658 797; x_wconf 89' lang='lat' dir='ltr'>obedien·</span> <span class='ocrx_word' id='word_1_58' title='bbox 690 748 731 803; x_wconf 86' lang='lat' dir='ltr'>los,</span> <span class='ocrx_word' id='word_1_59' title='bbox 756 750 878 810; x_wconf 82' lang='lat' dir='ltr'>rejectanea</span> <span class='ocrx_word' id='word_1_60' title='bbox 898 759 937 804; x_wconf 85' lang='lat' dir='ltr'>est,</span> <span class='ocrx_word' id='word_1_61' title='bbox 962 758 986 796; x_wconf 88' lang='lat' dir='ltr'>et</span> <span class='ocrx_word' id='word_1_62' title='bbox 1006 752 1154 800; x_wconf 78' lang='lat' dir='ltr'>maledictioni</span> 
     </span>
     <span class='ocr_line' id='line_1_8' title="bbox 199 814 1154 876; baseline 0.012 -24"><span class='ocrx_word' id='word_1_63' title='bbox 199 817 265 872; x_wconf 63' lang='lat' dir='ltr'>um</span> <span class='ocrx_word' id='word_1_64' title='bbox 690 814 808 875; x_wconf 77' lang='lat' dir='ltr'>proxima3</span> <span class='ocrx_word' id='word_1_65' title='bbox 830 815 893 876; x_wconf 84' lang='lat' dir='ltr'>cujus</span> <span class='ocrx_word' id='word_1_66' title='bbox 903 815 975 860; x_wconf 82' lang='lat' dir='ltr'>exitus</span> <span class='ocrx_word' id='word_1_67' title='bbox 985 816 1097 862; x_wconf 83' lang='lat' dir='ltr'>tenditad</span> <span class='ocrx_word' id='word_1_68' title='bbox 1114 832 1154 863; x_wconf 80' lang='lat' dir='ltr'>ex·</span> 
     </span>
     <span class='ocr_line' id='line_1_9' title="bbox 230 877 808 934; baseline -0.005 -7"><span class='ocrx_word' id='word_1_69' title='bbox 230 884 245 927; x_wconf 88' lang='grc'><strong>9</strong></span> <span class='ocrx_word' id='word_1_70' title='bbox 261 877 294 926; x_wconf 84' lang='lat' dir='ltr'>Et</span> <span class='ocrx_word' id='word_1_71' title='bbox 304 887 451 934; x_wconf 84' lang='lat' dir='ltr'>consecratus,</span> <span class='ocrx_word' id='word_1_72' title='bbox 463 878 574 925; x_wconf 84' lang='lat' dir='ltr'>factusest</span> <span class='ocrx_word' id='word_1_73' title='bbox 582 884 660 924; x_wconf 86' lang='lat' dir='ltr'>auctor</span> <span class='ocrx_word' id='word_1_74' title='bbox 691 877 808 924; x_wconf 90' lang='lat' dir='ltr'>ustionem.</span> 
     </span>
    </p>

    <p class='ocr_par' dir='ltr' id='par_1_4' title="bbox 199 941 1156 1063">
     <span class='ocr_line' id='line_1_10' title="bbox 199 941 1155 1016; baseline 0 -24"><span class='ocrx_word' id='word_1_75' title='bbox 199 942 273 992; x_wconf 76' lang='lat' dir='ltr'>salutis</span> <span class='ocrx_word' id='word_1_76' title='bbox 284 951 386 990; x_wconf 85' lang='lat' dir='ltr'>aeternae</span> <span class='ocrx_word' id='word_1_77' title='bbox 396 945 498 990; x_wconf 82' lang='lat' dir='ltr'>omnibus</span> <span class='ocrx_word' id='word_1_78' title='bbox 508 944 545 1004; x_wconf 88' lang='lat' dir='ltr'>qui</span> <span class='ocrx_word' id='word_1_79' title='bbox 556 941 597 1004; x_wconf 87' lang='lat' dir='ltr'>ipsi</span> <span class='ocrx_word' id='word_1_80' title='bbox 608 957 659 988; x_wconf 86' lang='lat' dir='ltr'>aus·</span> <span class='ocrx_word' id='word_1_81' title='bbox 724 947 739 989; x_wconf 87' lang='grc'>9</span> <span class='ocrx_word' id='word_1_82' title='bbox 757 941 801 988; x_wconf 88' lang='lat' dir='ltr'>Sed</span> <span class='ocrx_word' id='word_1_83' title='bbox 811 942 959 1016; x_wconf 88' lang='lat' dir='ltr'>persuasimus</span> <span class='ocrx_word' id='word_1_84' title='bbox 970 942 1033 988; x_wconf 90' lang='lat' dir='ltr'>nobis</span> <span class='ocrx_word' id='word_1_85' title='bbox 1044 943 1072 990; x_wconf 90' lang='lat' dir='ltr'>de</span> <span class='ocrx_word' id='word_1_86' title='bbox 1084 947 1155 1001; x_wconf 62' lang='lat' dir='ltr'>vobis</span> 
     </span>
     <span class='ocr_line' id='line_1_11' title="bbox 199 1005 1156 1063; baseline 0.003 -9"><span class='ocrx_word' id='word_1_87' title='bbox 199 1007 299 1063; x_wconf 69' lang='lat' dir='ltr'>tultantt</span> <span class='ocrx_word' id='word_1_88' title='bbox 692 1005 771 1059; x_wconf 89' lang='lat' dir='ltr'>dilecti,</span> <span class='ocrx_word' id='word_1_89' title='bbox 790 1005 837 1052; x_wconf 82' lang='lat' dir='ltr'>istis</span> <span class='ocrx_word' id='word_1_90' title='bbox 856 1006 953 1060; x_wconf 85' lang='lat' dir='ltr'>meliora,</span> <span class='ocrx_word' id='word_1_91' title='bbox 971 1013 996 1052; x_wconf 88' lang='lat' dir='ltr'>et</span> <span class='ocrx_word' id='word_1_92' title='bbox 1014 1023 1066 1052; x_wconf 92' lang='lat' dir='ltr'>cum</span> <span class='ocrx_word' id='word_1_93' title='bbox 1084 1009 1156 1057; x_wconf 80' lang='lat' dir='ltr'>salute</span> 
     </span>
    </p>

    <p class='ocr_par' dir='ltr' id='par_1_5' title="bbox 201 1068 1153 1196">
     <span class='ocr_line' id='line_1_12' title="bbox 232 1068 1091 1132; baseline 0 -14"><span class='ocrx_word' id='word_1_94' title='bbox 232 1075 263 1118; x_wconf 94' lang='grc'>10</span> <span class='ocrx_word' id='word_1_95' title='bbox 279 1068 458 1132; x_wconf 74' lang='lat' dir='ltr'>cognominatus</span> <span class='ocrx_word' id='word_1_96' title='bbox 468 1085 482 1118; x_wconf 86' lang='lat' dir='ltr'>a</span> <span class='ocrx_word' id='word_1_97' title='bbox 492 1069 546 1118; x_wconf 92' lang='lat' dir='ltr'>Deo</span> <span class='ocrx_word' id='word_1_98' title='bbox 560 1068 661 1132; x_wconf 81' lang='lat' dir='ltr'>pontifex</span> <span class='ocrx_word' id='word_1_99' title='bbox 691 1070 815 1132; x_wconf 87' lang='lat' dir='ltr'>conjuncta,</span> <span class='ocrx_word' id='word_1_100' title='bbox 830 1069 916 1115; x_wconf 90' lang='lat' dir='ltr'>etiamsi</span> <span class='ocrx_word' id='word_1_101' title='bbox 928 1071 958 1116; x_wconf 88' lang='lat' dir='ltr'>ita</span> <span class='ocrx_word' id='word_1_102' title='bbox 968 1070 1091 1130; x_wconf 84' lang='lat' dir='ltr'>loquamur.</span> 
     </span>
     <span class='ocr_line' id='line_1_13' title="bbox 201 1133 1153 1196; baseline 0 -12"><span class='ocrx_word' id='word_1_103' title='bbox 201 1133 320 1184; x_wconf 70' lang='lat' dir='ltr'>mnddm</span> <span class='ocrx_word' id='word_1_104' title='bbox 330 1135 430 1181; x_wconf 80' lang='lat' dir='ltr'>ordinem</span> <span class='ocrx_word' id='word_1_105' title='bbox 442 1135 606 1182; x_wconf 86' lang='lat' dir='ltr'>Melchisedeci.</span> <span class='ocrx_word' id='word_1_106' title='bbox 726 1137 755 1178; x_wconf 90' lang='lat'>10</span> <span class='ocrx_word' id='word_1_107' title='bbox 772 1133 826 1179; x_wconf 93' lang='lat' dir='ltr'>Non</span> <span class='ocrx_word' id='word_1_108' title='bbox 834 1133 893 1179; x_wconf 89' lang='lat' dir='ltr'>enim</span> <span class='ocrx_word' id='word_1_109' title='bbox 903 1134 997 1196; x_wconf 88' lang='lat' dir='ltr'>injustus</span> <span class='ocrx_word' id='word_1_110' title='bbox 1005 1142 1039 1180; x_wconf 91' lang='lat' dir='ltr'>est</span> <span class='ocrx_word' id='word_1_111' title='bbox 1050 1135 1121 1190; x_wconf 85' lang='lat' dir='ltr'>Deus,</span> <span class='ocrx_word' id='word_1_112' title='bbox 1130 1144 1153 1184; x_wconf 84' lang='lat' dir='ltr'>ut</span> 
     </span>
    </p>

    <p class='ocr_par' dir='ltr' id='par_1_6' title="bbox 199 1197 1155 1388">
     <span class='ocr_line' id='line_1_14' title="bbox 233 1197 1155 1260; baseline 0.003 -16"><span class='ocrx_word' id='word_1_113' title='bbox 233 1202 260 1245; x_wconf 93' lang='lat' dir='ltr'>ll</span> <span class='ocrx_word' id='word_1_114' title='bbox 279 1199 319 1246; x_wconf 92' lang='lat' dir='ltr'>De</span> <span class='ocrx_word' id='word_1_115' title='bbox 326 1213 371 1260; x_wconf 90' lang='lat' dir='ltr'>quo</span> <span class='ocrx_word' id='word_1_116' title='bbox 378 1199 440 1246; x_wconf 87' lang='lat' dir='ltr'>nobis</span> <span class='ocrx_word' id='word_1_117' title='bbox 448 1198 576 1245; x_wconf 86' lang='lat' dir='ltr'>multasuut</span> <span class='ocrx_word' id='word_1_118' title='bbox 584 1199 660 1244; x_wconf 89' lang='lat' dir='ltr'>dicen·</span> <span class='ocrx_word' id='word_1_119' title='bbox 692 1197 832 1243; x_wconf 80' lang='lat' dir='ltr'>obliviscatur</span> <span class='ocrx_word' id='word_1_120' title='bbox 843 1198 916 1258; x_wconf 88' lang='lat' dir='ltr'>operis</span> <span class='ocrx_word' id='word_1_121' title='bbox 927 1197 994 1243; x_wconf 88' lang='lat' dir='ltr'>vestri</span> <span class='ocrx_word' id='word_1_122' title='bbox 1003 1207 1026 1244; x_wconf 89' lang='lat' dir='ltr'>et</span> <span class='ocrx_word' id='word_1_123' title='bbox 1034 1199 1155 1247; x_wconf 78' lang='lat' dir='ltr'>laboriosae</span> 
     </span>
     <span class='ocr_line' id='line_1_15' title="bbox 199 1261 1155 1325; baseline -0.001 -15"><span class='ocrx_word' id='word_1_124' title='bbox 199 1262 233 1317; x_wconf 78' lang='lat' dir='ltr'>dn.</span> <span class='ocrx_word' id='word_1_125' title='bbox 250 1277 320 1324; x_wconf 82' lang='lat' dir='ltr'>eaque</span> <span class='ocrx_word' id='word_1_126' title='bbox 330 1263 426 1310; x_wconf 85' lang='lat' dir='ltr'>difficilia</span> <span class='ocrx_word' id='word_1_127' title='bbox 441 1263 567 1324; x_wconf 84' lang='lat' dir='ltr'>explicatu;</span> <span class='ocrx_word' id='word_1_128' title='bbox 590 1276 660 1322; x_wconf 87' lang='lat' dir='ltr'>quau·</span> <span class='ocrx_word' id='word_1_129' title='bbox 692 1261 804 1307; x_wconf 88' lang='lat' dir='ltr'>charitatis</span> <span class='ocrx_word' id='word_1_130' title='bbox 815 1275 880 1321; x_wconf 90' lang='lat' dir='ltr'>quam</span> <span class='ocrx_word' id='word_1_131' title='bbox 893 1261 1048 1308; x_wconf 89' lang='lat' dir='ltr'>demonstratis</span> <span class='ocrx_word' id='word_1_132' title='bbox 1056 1279 1114 1325; x_wconf 79' lang='lat' dir='ltr'>erga</span> <span class='ocrx_word' id='word_1_133' title='bbox 1121 1265 1155 1325; x_wconf 84' lang='lat' dir='ltr'>ip·</span> 
     </span>
     <span class='ocr_line' id='line_1_16' title="bbox 199 1325 1155 1388; baseline 0 -14"><span class='ocrx_word' id='word_1_134' title='bbox 199 1327 317 1386; x_wconf 84' lang='lat' dir='ltr'>doquidem</span> <span class='ocrx_word' id='word_1_135' title='bbox 328 1342 409 1388; x_wconf 82' lang='lat' dir='ltr'>segnes</span> <span class='ocrx_word' id='word_1_136' title='bbox 420 1326 471 1374; x_wconf 83' lang='lat' dir='ltr'>iacti</span> <span class='ocrx_word' id='word_1_137' title='bbox 482 1327 535 1373; x_wconf 89' lang='lat' dir='ltr'>estis</span> <span class='ocrx_word' id='word_1_138' title='bbox 545 1327 639 1372; x_wconf 88' lang='lat' dir='ltr'>auribus.</span> <span class='ocrx_word' id='word_1_139' title='bbox 692 1325 737 1372; x_wconf 88' lang='lat' dir='ltr'>sius</span> <span class='ocrx_word' id='word_1_140' title='bbox 759 1329 905 1381; x_wconf 67' lang='lat' dir='ltr'>nomeng‘ut</span> <span class='ocrx_word' id='word_1_141' title='bbox 924 1326 961 1384; x_wconf 89' lang='lat' dir='ltr'>qui</span> <span class='ocrx_word' id='word_1_142' title='bbox 981 1326 1155 1374; x_wconf 65' lang='lat' dir='ltr'>ministraveritis</span> 
     </span>
    </p>

    <p class='ocr_par' dir='ltr' id='par_1_7' title="bbox 199 1389 1156 1770">
     <span class='ocr_line' id='line_1_17' title="bbox 234 1389 963 1451; baseline 0 -15"><span class='ocrx_word' id='word_1_143' title='bbox 234 1394 263 1436; x_wconf 79' lang='lat'>12</span> <span class='ocrx_word' id='word_1_144' title='bbox 279 1389 329 1436; x_wconf 86' lang='lat' dir='ltr'>Vos</span> <span class='ocrx_word' id='word_1_145' title='bbox 347 1391 406 1436; x_wconf 88' lang='lat' dir='ltr'>enirn</span> <span class='ocrx_word' id='word_1_146' title='bbox 427 1404 484 1450; x_wconf 87' lang='lat' dir='ltr'>quos</span> <span class='ocrx_word' id='word_1_147' title='bbox 504 1391 601 1451; x_wconf 89' lang='lat' dir='ltr'>oportuit</span> <span class='ocrx_word' id='word_1_148' title='bbox 622 1405 662 1450; x_wconf 91' lang='lat' dir='ltr'>pro</span> <span class='ocrx_word' id='word_1_149' title='bbox 693 1390 781 1442; x_wconf 84' lang='lat' dir='ltr'>sanctis,</span> <span class='ocrx_word' id='word_1_150' title='bbox 794 1398 817 1435; x_wconf 93' lang='lat' dir='ltr'>et</span> <span class='ocrx_word' id='word_1_151' title='bbox 828 1389 963 1436; x_wconf 77' lang='lat' dir='ltr'>ministretis.</span> 
     </span>
     <span class='ocr_line' id='line_1_18' title="bbox 199 1452 1155 1517; baseline 0.002 -17"><span class='ocrx_word' id='word_1_152' title='bbox 199 1453 304 1514; x_wconf 87' lang='lat' dir='ltr'>temporis</span> <span class='ocrx_word' id='word_1_153' title='bbox 322 1453 407 1498; x_wconf 88' lang='lat' dir='ltr'>ratione</span> <span class='ocrx_word' id='word_1_154' title='bbox 422 1454 524 1500; x_wconf 86' lang='lat' dir='ltr'>doctores</span> <span class='ocrx_word' id='word_1_155' title='bbox 539 1469 594 1508; x_wconf 78' lang='lat' dir='ltr'>esse,</span> <span class='ocrx_word' id='word_1_156' title='bbox 612 1469 662 1498; x_wconf 87' lang='lat' dir='ltr'>rur·</span> <span class='ocrx_word' id='word_1_157' title='bbox 727 1456 753 1498; x_wconf 92' lang='lat' dir='ltr'>ll</span> <span class='ocrx_word' id='word_1_158' title='bbox 775 1452 1155 1517; x_wconf 74' lang='lat' dir='ltr'>Cupinrusautemutunusquisque</span> 
     </span>
     <span class='ocr_line' id='line_1_19' title="bbox 200 1516 1156 1580; baseline 0.002 -16"><span class='ocrx_word' id='word_1_159' title='bbox 200 1531 250 1564; x_wconf 84' lang='lat' dir='ltr'>sum</span> <span class='ocrx_word' id='word_1_160' title='bbox 269 1531 325 1577; x_wconf 87' lang='lat' dir='ltr'>opus</span> <span class='ocrx_word' id='word_1_161' title='bbox 344 1523 378 1562; x_wconf 84' lang='lat' dir='ltr'>est</span> <span class='ocrx_word' id='word_1_162' title='bbox 396 1517 469 1562; x_wconf 82' lang='lat' dir='ltr'>doceri</span> <span class='ocrx_word' id='word_1_163' title='bbox 489 1532 545 1577; x_wconf 85' lang='lat' dir='ltr'>quae</span> <span class='ocrx_word' id='word_1_164' title='bbox 561 1517 605 1562; x_wconf 89' lang='lat' dir='ltr'>sint</span> <span class='ocrx_word' id='word_1_165' title='bbox 616 1516 661 1562; x_wconf 89' lang='lat' dir='ltr'>ele-</span> <span class='ocrx_word' id='word_1_166' title='bbox 692 1517 790 1564; x_wconf 73' lang='lat' dir='ltr'>restrum</span> <span class='ocrx_word' id='word_1_167' title='bbox 803 1518 860 1563; x_wconf 89' lang='lat' dir='ltr'>idem</span> <span class='ocrx_word' id='word_1_168' title='bbox 872 1517 1156 1580; x_wconf 85' lang='lat' dir='ltr'>studiumadfidemusque</span> 
     </span>
     <span class='ocr_line' id='line_1_20' title="bbox 200 1579 1155 1644; baseline 0.004 -18"><span class='ocrx_word' id='word_1_169' title='bbox 200 1585 274 1626; x_wconf 89' lang='lat' dir='ltr'>menta</span> <span class='ocrx_word' id='word_1_170' title='bbox 284 1580 340 1626; x_wconf 87' lang='lat' dir='ltr'>initii</span> <span class='ocrx_word' id='word_1_171' title='bbox 356 1579 494 1640; x_wconf 84' lang='lat' dir='ltr'>eloquiorum</span> <span class='ocrx_word' id='word_1_172' title='bbox 512 1579 574 1636; x_wconf 81' lang='lat' dir='ltr'>Dei3</span> <span class='ocrx_word' id='word_1_173' title='bbox 596 1579 661 1626; x_wconf 81' lang='lat' dir='ltr'>facti·</span> <span class='ocrx_word' id='word_1_174' title='bbox 692 1581 800 1635; x_wconf 83' lang='lat' dir='ltr'>ostendat,</span> <span class='ocrx_word' id='word_1_175' title='bbox 820 1581 847 1627; x_wconf 91' lang='lat' dir='ltr'>ad</span> <span class='ocrx_word' id='word_1_176' title='bbox 867 1589 948 1626; x_wconf 88' lang='lat' dir='ltr'>certam</span> <span class='ocrx_word' id='word_1_177' title='bbox 966 1583 1011 1642; x_wconf 89' lang='lat' dir='ltr'>spei</span> <span class='ocrx_word' id='word_1_178' title='bbox 1030 1585 1155 1644; x_wconf 86' lang='lat' dir='ltr'>persuasio·</span> 
     </span>
     <span class='ocr_line' id='line_1_21' title="bbox 200 1643 760 1706; baseline 0.002 -17"><span class='ocrx_word' id='word_1_179' title='bbox 200 1659 244 1705; x_wconf 87' lang='lat' dir='ltr'>que</span> <span class='ocrx_word' id='word_1_180' title='bbox 258 1644 312 1689; x_wconf 84' lang='lat' dir='ltr'>estis</span> <span class='ocrx_word' id='word_1_181' title='bbox 328 1643 343 1689; x_wconf 93' lang='lat' dir='ltr'>ii</span> <span class='ocrx_word' id='word_1_182' title='bbox 359 1644 437 1704; x_wconf 84' lang='lat' dir='ltr'>quibus</span> <span class='ocrx_word' id='word_1_183' title='bbox 453 1644 510 1690; x_wconf 87' lang='lat' dir='ltr'>lacte</span> <span class='ocrx_word' id='word_1_184' title='bbox 520 1645 549 1689; x_wconf 91' lang='lat' dir='ltr'>sit</span> <span class='ocrx_word' id='word_1_185' title='bbox 560 1659 622 1706; x_wconf 79' lang='lat' dir='ltr'>opus,</span> <span class='ocrx_word' id='word_1_186' title='bbox 640 1651 662 1690; x_wconf 93' lang='lat' dir='ltr'>et</span> <span class='ocrx_word' id='word_1_187' title='bbox 693 1659 760 1692; x_wconf 87' lang='lat' dir='ltr'>nem:</span> 
     </span>
     <span class='ocr_line' id='line_1_22' title="bbox 199 1707 1156 1770; baseline 0.004 -16"><span class='ocrx_word' id='word_1_188' title='bbox 199 1722 244 1755; x_wconf 91' lang='lat' dir='ltr'>nou</span> <span class='ocrx_word' id='word_1_189' title='bbox 256 1708 328 1754; x_wconf 88' lang='lat' dir='ltr'>solido</span> <span class='ocrx_word' id='word_1_190' title='bbox 338 1708 394 1754; x_wconf 90' lang='lat' dir='ltr'>cibo.</span> <span class='ocrx_word' id='word_1_191' title='bbox 727 1712 757 1755; x_wconf 76' lang='lat'>12</span> <span class='ocrx_word' id='word_1_192' title='bbox 775 1709 808 1756; x_wconf 92' lang='lat' dir='ltr'>Ut</span> <span class='ocrx_word' id='word_1_193' title='bbox 820 1724 847 1754; x_wconf 89' lang='lat' dir='ltr'>ne</span> <span class='ocrx_word' id='word_1_194' title='bbox 859 1707 906 1754; x_wconf 88' lang='lat' dir='ltr'>sitis</span> <span class='ocrx_word' id='word_1_195' title='bbox 913 1724 999 1770; x_wconf 78' lang='lat' dir='ltr'>segnes,</span> <span class='ocrx_word' id='word_1_196' title='bbox 1012 1710 1051 1756; x_wconf 88' lang='lat' dir='ltr'>sed</span> <span class='ocrx_word' id='word_1_197' title='bbox 1059 1711 1156 1758; x_wconf 85' lang='lat' dir='ltr'>imitato·</span> 
     </span>
    </p>

    <p class='ocr_par' dir='ltr' id='par_1_8' title="bbox 198 1771 1156 1960">
     <span class='ocr_line' id='line_1_23' title="bbox 233 1771 1156 1834; baseline 0.003 -16"><span class='ocrx_word' id='word_1_198' title='bbox 233 1776 263 1818; x_wconf 79' lang='lat'>15</span> <span class='ocrx_word' id='word_1_199' title='bbox 279 1771 402 1820; x_wconf 85' lang='lat' dir='ltr'>Enimvero</span> <span class='ocrx_word' id='word_1_200' title='bbox 413 1772 447 1818; x_wconf 84' lang='lat' dir='ltr'>eui</span> <span class='ocrx_word' id='word_1_201' title='bbox 460 1787 509 1818; x_wconf 88' lang='lat' dir='ltr'>cum</span> <span class='ocrx_word' id='word_1_202' title='bbox 517 1771 573 1818; x_wconf 84' lang='lat' dir='ltr'>lacte</span> <span class='ocrx_word' id='word_1_203' title='bbox 580 1787 615 1818; x_wconf 89' lang='lat' dir='ltr'>res</span> <span class='ocrx_word' id='word_1_204' title='bbox 621 1779 662 1826; x_wconf 75' lang='lat' dir='ltr'>est,</span> <span class='ocrx_word' id='word_1_205' title='bbox 693 1787 728 1818; x_wconf 86' lang='lat' dir='ltr'>res</span> <span class='ocrx_word' id='word_1_206' title='bbox 739 1789 815 1818; x_wconf 86' lang='lat' dir='ltr'>eorum</span> <span class='ocrx_word' id='word_1_207' title='bbox 827 1773 863 1833; x_wconf 90' lang='lat' dir='ltr'>qui</span> <span class='ocrx_word' id='word_1_208' title='bbox 874 1789 913 1834; x_wconf 90' lang='lat' dir='ltr'>per</span> <span class='ocrx_word' id='word_1_209' title='bbox 927 1773 991 1818; x_wconf 88' lang='lat' dir='ltr'>iidem</span> <span class='ocrx_word' id='word_1_210' title='bbox 1003 1789 1028 1820; x_wconf 86' lang='lat' dir='ltr'>ac</span> <span class='ocrx_word' id='word_1_211' title='bbox 1043 1775 1156 1822; x_wconf 84' lang='lat' dir='ltr'>leuitatem</span> 
     </span>
     <span class='ocr_line' id='line_1_24' title="bbox 199 1835 1155 1899; baseline 0.004 -17"><span class='ocrx_word' id='word_1_212' title='bbox 199 1835 218 1882; x_wconf 84' lang='lat' dir='ltr'>is</span> <span class='ocrx_word' id='word_1_213' title='bbox 229 1837 288 1883; x_wconf 84' lang='lat' dir='ltr'>rudis</span> <span class='ocrx_word' id='word_1_214' title='bbox 299 1843 332 1883; x_wconf 91' lang='lat' dir='ltr'>est</span> <span class='ocrx_word' id='word_1_215' title='bbox 343 1837 565 1899; x_wconf 76' lang='lat' dir='ltr'>sennonisjustitiae:</span> <span class='ocrx_word' id='word_1_216' title='bbox 580 1836 663 1899; x_wconf 83' lang='lat' dir='ltr'>(inians</span> <span class='ocrx_word' id='word_1_217' title='bbox 693 1837 836 1882; x_wconf 87' lang='lat' dir='ltr'>haereditario</span> <span class='ocrx_word' id='word_1_218' title='bbox 842 1839 895 1898; x_wconf 87' lang='lat' dir='ltr'>jure</span> <span class='ocrx_word' id='word_1_219' title='bbox 911 1837 1011 1884; x_wconf 87' lang='lat' dir='ltr'>obtinent</span> <span class='ocrx_word' id='word_1_220' title='bbox 1026 1840 1155 1899; x_wconf 88' lang='lat' dir='ltr'>promissio·</span> 
     </span>
     <span class='ocr_line' id='line_1_25' title="bbox 198 1899 751 1960; baseline -0.002 -13"><span class='ocrx_word' id='word_1_221' title='bbox 198 1901 258 1947; x_wconf 81' lang='lat' dir='ltr'>enirn</span> <span class='ocrx_word' id='word_1_222' title='bbox 269 1899 323 1960; x_wconf 88' lang='lat' dir='ltr'>est.)</span> <span class='ocrx_word' id='word_1_223' title='bbox 692 1916 751 1947; x_wconf 90' lang='lat' dir='ltr'>nem.</span> 
     </span>
    </p>

    <p class='ocr_par' dir='ltr' id='par_1_9' title="bbox 198 1963 1156 2210">
     <span class='ocr_line' id='line_1_26' title="bbox 233 1963 1155 2025; baseline 0.004 -16"><span class='ocrx_word' id='word_1_224' title='bbox 233 1967 264 2010; x_wconf 82' lang='lat'>14</span> <span class='ocrx_word' id='word_1_225' title='bbox 281 1965 324 2010; x_wconf 85' lang='lat' dir='ltr'>Sed</span> <span class='ocrx_word' id='word_1_226' title='bbox 333 1964 456 2010; x_wconf 87' lang='lat' dir='ltr'>adultorum</span> <span class='ocrx_word' id='word_1_227' title='bbox 466 1971 499 2010; x_wconf 88' lang='lat' dir='ltr'>est</span> <span class='ocrx_word' id='word_1_228' title='bbox 508 1964 662 2018; x_wconf 83' lang='lat' dir='ltr'>soliduscibus,</span> <span class='ocrx_word' id='word_1_229' title='bbox 727 1968 757 2010; x_wconf 80' lang='lat'>13</span> <span class='ocrx_word' id='word_1_230' title='bbox 773 1964 838 2010; x_wconf 91' lang='lat' dir='ltr'>Deus</span> <span class='ocrx_word' id='word_1_231' title='bbox 855 1965 913 2010; x_wconf 87' lang='lat' dir='ltr'>enim</span> <span class='ocrx_word' id='word_1_232' title='bbox 930 1963 1040 2025; x_wconf 86' lang='lat' dir='ltr'>pollicitus</span> <span class='ocrx_word' id='word_1_233' title='bbox 1054 1966 1155 2014; x_wconf 81' lang='lat' dir='ltr'>Abraba-</span> 
     </span>
     <span class='ocr_line' id='line_1_27' title="bbox 199 2029 1155 2090; baseline 0.002 -16"><span class='ocrx_word' id='word_1_234' title='bbox 199 2043 276 2074; x_wconf 84' lang='lat' dir='ltr'>eorurn</span> <span class='ocrx_word' id='word_1_235' title='bbox 287 2029 389 2074; x_wconf 82' lang='lat' dir='ltr'>videlicet</span> <span class='ocrx_word' id='word_1_236' title='bbox 403 2029 439 2088; x_wconf 91' lang='lat' dir='ltr'>qui</span> <span class='ocrx_word' id='word_1_237' title='bbox 451 2035 541 2089; x_wconf 91' lang='lat' dir='ltr'>propter</span> <span class='ocrx_word' id='word_1_238' title='bbox 558 2029 662 2081; x_wconf 81' lang='lat' dir='ltr'>habitum,</span> <span class='ocrx_word' id='word_1_239' title='bbox 692 2043 736 2082; x_wconf 83' lang='lat' dir='ltr'>mo,</span> <span class='ocrx_word' id='word_1_240' title='bbox 753 2043 821 2088; x_wconf 89' lang='lat' dir='ltr'>quum</span> <span class='ocrx_word' id='word_1_241' title='bbox 839 2043 883 2074; x_wconf 93' lang='lat' dir='ltr'>non</span> <span class='ocrx_word' id='word_1_242' title='bbox 895 2037 969 2088; x_wconf 87' lang='lat' dir='ltr'>posset</span> <span class='ocrx_word' id='word_1_243' title='bbox 980 2045 1021 2089; x_wconf 91' lang='lat' dir='ltr'>per</span> <span class='ocrx_word' id='word_1_244' title='bbox 1032 2045 1155 2090; x_wconf 77' lang='lat' dir='ltr'>quenquam</span> 
     </span>
     <span class='ocr_line' id='line_1_28' title="bbox 199 2091 1156 2156; baseline 0.004 -20"><span class='ocrx_word' id='word_1_245' title='bbox 199 2091 367 2137; x_wconf 83' lang='lat' dir='ltr'>scnsushabent</span> <span class='ocrx_word' id='word_1_246' title='bbox 383 2092 514 2137; x_wconf 86' lang='lat' dir='ltr'>exercitatos</span> <span class='ocrx_word' id='word_1_247' title='bbox 533 2091 561 2137; x_wconf 92' lang='lat' dir='ltr'>ad</span> <span class='ocrx_word' id='word_1_248' title='bbox 580 2092 662 2137; x_wconf 87' lang='lat' dir='ltr'>discre-</span> <span class='ocrx_word' id='word_1_249' title='bbox 692 2094 797 2154; x_wconf 78' lang='lat' dir='ltr'>majorem</span> <span class='ocrx_word' id='word_1_250' title='bbox 819 2093 902 2154; x_wconf 86' lang='lat' dir='ltr'>jurare,</span> <span class='ocrx_word' id='word_1_251' title='bbox 925 2093 1011 2153; x_wconf 82' lang='lat' dir='ltr'>juravit</span> <span class='ocrx_word' id='word_1_252' title='bbox 1036 2109 1075 2154; x_wconf 85' lang='lat' dir='ltr'>per</span> <span class='ocrx_word' id='word_1_253' title='bbox 1096 2095 1156 2156; x_wconf 81' lang='lat' dir='ltr'>seip-</span> 
     </span>
     <span class='ocr_line' id='line_1_29' title="bbox 198 2155 750 2210; baseline 0.004 -10"><span class='ocrx_word' id='word_1_254' title='bbox 198 2155 283 2201; x_wconf 87' lang='lat' dir='ltr'>tionem</span> <span class='ocrx_word' id='word_1_255' title='bbox 294 2155 345 2202; x_wconf 86' lang='lat' dir='ltr'>boni</span> <span class='ocrx_word' id='word_1_256' title='bbox 358 2171 383 2202; x_wconf 85' lang='lat' dir='ltr'>ac</span> <span class='ocrx_word' id='word_1_257' title='bbox 394 2155 453 2200; x_wconf 88' lang='lat' dir='ltr'>mali.</span> <span class='ocrx_word' id='word_1_258' title='bbox 692 2172 750 2210; x_wconf 84' lang='lat' dir='ltr'>sum,</span> 
     </span>
    </p>

    <p class='ocr_par' dir='ltr' id='par_1_10' title="bbox 263 2215 1156 2409">
     <span class='ocr_line' id='line_1_30' title="bbox 726 2215 1156 2272; baseline 0.005 -6"><span class='ocrx_word' id='word_1_259' title='bbox 726 2223 756 2266; x_wconf 82' lang='lat'>14</span> <span class='ocrx_word' id='word_1_260' title='bbox 773 2219 865 2272; x_wconf 90' lang='lat' dir='ltr'>Dicens,</span> <span class='ocrx_word' id='word_1_261' title='bbox 875 2215 1156 2268; x_wconf 75' lang='lat' dir='ltr'>Certdbenerlicensbene·</span> 
     </span>
     <span class='ocr_line' id='line_1_31' title="bbox 362 2281 1156 2346; baseline 0 -14"><span class='ocrx_word' id='word_1_262' title='bbox 362 2282 436 2332; x_wconf 78' lang='lat' dir='ltr'><strong>CAP.</strong></span> <span class='ocrx_word' id='word_1_263' title='bbox 457 2281 501 2330; x_wconf 93' lang='lat' dir='ltr'>Vl.</span> <span class='ocrx_word' id='word_1_264' title='bbox 691 2284 762 2331; x_wconf 89' lang='lat' dir='ltr'>dicam</span> <span class='ocrx_word' id='word_1_265' title='bbox 774 2285 817 2338; x_wconf 88' lang='lat' dir='ltr'>tibi,</span> <span class='ocrx_word' id='word_1_266' title='bbox 829 2291 851 2329; x_wconf 90' lang='lat' dir='ltr'>et</span> <span class='ocrx_word' id='word_1_267' title='bbox 868 2283 1014 2344; x_wconf 83' lang='lat' dir='ltr'>multiplicans</span> <span class='ocrx_word' id='word_1_268' title='bbox 1024 2285 1156 2346; x_wconf 78' lang='lat' dir='ltr'>multiplica·</span> 
     </span>
     <span class='ocr_line' id='line_1_32' title="bbox 263 2347 761 2409; baseline -0.002 -14"><span class='ocrx_word' id='word_1_269' title='bbox 263 2347 472 2396; x_wconf 82' lang='lat' dir='ltr'><strong>UAPROPTER</strong></span> <span class='ocrx_word' id='word_1_270' title='bbox 489 2348 572 2394; x_wconf 86' lang='lat' dir='ltr'>omisso</span> <span class='ocrx_word' id='word_1_271' title='bbox 586 2347 624 2409; x_wconf 93' lang='lat' dir='ltr'>qui</span> <span class='ocrx_word' id='word_1_272' title='bbox 639 2347 661 2392; x_wconf 90' lang='lat' dir='ltr'>in</span> <span class='ocrx_word' id='word_1_273' title='bbox 692 2349 720 2396; x_wconf 91' lang='lat' dir='ltr'>bo</span> <span class='ocrx_word' id='word_1_274' title='bbox 731 2357 761 2394; x_wconf 86' lang='lat' dir='ltr'>te.</span> 
     </span>
    </p>

    <p class='ocr_par' dir='ltr' id='par_1_11' title="bbox 200 2410 1157 2729">
     <span class='ocr_line' id='line_1_33' title="bbox 278 2410 1154 2472; baseline 0 -13"><span class='ocrx_word' id='word_1_275' title='bbox 278 2410 369 2460; x_wconf 84' lang='lat' dir='ltr'>Christo</span> <span class='ocrx_word' id='word_1_276' title='bbox 381 2413 446 2458; x_wconf 88' lang='lat' dir='ltr'>rudes</span> <span class='ocrx_word' id='word_1_277' title='bbox 457 2413 547 2458; x_wconf 84' lang='lat' dir='ltr'>inchoat</span> <span class='ocrx_word' id='word_1_278' title='bbox 554 2427 662 2466; x_wconf 85' lang='lat' dir='ltr'>sermone,</span> <span class='ocrx_word' id='word_1_279' title='bbox 726 2415 756 2460; x_wconf 87' lang='lat'>15</span> <span class='ocrx_word' id='word_1_280' title='bbox 773 2411 848 2471; x_wconf 82' lang='lat' dir='ltr'>Atque</span> <span class='ocrx_word' id='word_1_281' title='bbox 859 2411 890 2457; x_wconf 82' lang='lat' dir='ltr'>ita</span> <span class='ocrx_word' id='word_1_282' title='bbox 905 2427 973 2471; x_wconf 89' lang='lat' dir='ltr'>quum</span> <span class='ocrx_word' id='word_1_283' title='bbox 990 2412 1098 2472; x_wconf 77' lang='lat' dir='ltr'>patienter</span> <span class='ocrx_word' id='word_1_284' title='bbox 1114 2428 1154 2459; x_wconf 83' lang='lat' dir='ltr'>ex·</span> 
     </span>
     <span class='ocr_line' id='line_1_34' title="bbox 200 2473 1156 2538; baseline 0.002 -17"><span class='ocrx_word' id='word_1_285' title='bbox 200 2477 228 2522; x_wconf 82' lang='lat' dir='ltr'>ad</span> <span class='ocrx_word' id='word_1_286' title='bbox 245 2476 402 2536; x_wconf 88' lang='lat' dir='ltr'>perlectionem</span> <span class='ocrx_word' id='word_1_287' title='bbox 424 2475 535 2523; x_wconf 82' lang='lat' dir='ltr'>feramur:</span> <span class='ocrx_word' id='word_1_288' title='bbox 562 2491 607 2522; x_wconf 89' lang='lat' dir='ltr'>non</span> <span class='ocrx_word' id='word_1_289' title='bbox 624 2477 662 2536; x_wconf 86' lang='lat' dir='ltr'>ja·</span> <span class='ocrx_word' id='word_1_290' title='bbox 692 2473 818 2538; x_wconf 78' lang='lat' dir='ltr'>spectisset,</span> <span class='ocrx_word' id='word_1_291' title='bbox 830 2483 960 2534; x_wconf 87' lang='lat' dir='ltr'>assequutus</span> <span class='ocrx_word' id='word_1_292' title='bbox 971 2483 1005 2520; x_wconf 87' lang='lat' dir='ltr'>est</span> <span class='ocrx_word' id='word_1_293' title='bbox 1016 2477 1156 2536; x_wconf 84' lang='lat' dir='ltr'>promissum.</span> 
     </span>
     <span class='ocr_line' id='line_1_35' title="bbox 200 2535 1156 2600; baseline 0.003 -15"><span class='ocrx_word' id='word_1_294' title='bbox 200 2547 276 2585; x_wconf 87' lang='lat' dir='ltr'>centes</span> <span class='ocrx_word' id='word_1_295' title='bbox 288 2555 374 2586; x_wconf 88' lang='lat' dir='ltr'>rursum</span> <span class='ocrx_word' id='word_1_296' title='bbox 385 2538 554 2585; x_wconf 79' lang='lat' dir='ltr'>fundamentum</span> <span class='ocrx_word' id='word_1_297' title='bbox 573 2539 662 2599; x_wconf 90' lang='lat' dir='ltr'>resipis·</span> <span class='ocrx_word' id='word_1_298' title='bbox 727 2543 756 2587; x_wconf 87' lang='grc'>16</span> <span class='ocrx_word' id='word_1_299' title='bbox 774 2540 833 2585; x_wconf 87' lang='lat' dir='ltr'>Nam</span> <span class='ocrx_word' id='word_1_300' title='bbox 844 2539 946 2584; x_wconf 89' lang='lat' dir='ltr'>homines</span> <span class='ocrx_word' id='word_1_301' title='bbox 956 2535 1044 2599; x_wconf 74' lang='lat' dir='ltr'>quidem</span> <span class='ocrx_word' id='word_1_302' title='bbox 1056 2555 1095 2600; x_wconf 88' lang='lat' dir='ltr'>per</span> <span class='ocrx_word' id='word_1_303' title='bbox 1105 2557 1156 2588; x_wconf 90' lang='lat' dir='ltr'>eum</span> 
     </span>
     <span class='ocr_line' id='line_1_36' title="bbox 200 2603 1156 2665; baseline 0.004 -17"><span class='ocrx_word' id='word_1_304' title='bbox 200 2603 285 2648; x_wconf 84' lang='lat' dir='ltr'>centiae</span> <span class='ocrx_word' id='word_1_305' title='bbox 295 2604 323 2648; x_wconf 88' lang='lat' dir='ltr'>ab</span> <span class='ocrx_word' id='word_1_306' title='bbox 334 2604 435 2664; x_wconf 90' lang='lat' dir='ltr'>operibus</span> <span class='ocrx_word' id='word_1_307' title='bbox 451 2604 551 2656; x_wconf 86' lang='lat' dir='ltr'>mortuis,</span> <span class='ocrx_word' id='word_1_308' title='bbox 569 2610 593 2648; x_wconf 93' lang='lat' dir='ltr'>et</span> <span class='ocrx_word' id='word_1_309' title='bbox 611 2603 662 2649; x_wconf 86' lang='lat' dir='ltr'>fidei</span> <span class='ocrx_word' id='word_1_310' title='bbox 689 2604 768 2665; x_wconf 88' lang='lat' dir='ltr'>jurant</span> <span class='ocrx_word' id='word_1_311' title='bbox 784 2603 821 2664; x_wconf 92' lang='lat' dir='ltr'>qui</span> <span class='ocrx_word' id='word_1_312' title='bbox 839 2603 867 2648; x_wconf 91' lang='lat' dir='ltr'>sit</span> <span class='ocrx_word' id='word_1_313' title='bbox 886 2604 969 2664; x_wconf 83' lang='lat' dir='ltr'>major:</span> <span class='ocrx_word' id='word_1_314' title='bbox 994 2611 1061 2662; x_wconf 87' lang='lat' dir='ltr'>atque</span> <span class='ocrx_word' id='word_1_315' title='bbox 1079 2604 1156 2652; x_wconf 86' lang='lat' dir='ltr'>iisdem</span> 
     </span>
     <span class='ocr_line' id='line_1_37' title="bbox 200 2664 1157 2729; baseline 0.003 -19"><span class='ocrx_word' id='word_1_316' title='bbox 200 2666 222 2711; x_wconf 86' lang='lat' dir='ltr'>in</span> <span class='ocrx_word' id='word_1_317' title='bbox 235 2664 319 2710; x_wconf 86' lang='lat' dir='ltr'>Deum.</span> <span class='ocrx_word' id='word_1_318' title='bbox 693 2668 766 2714; x_wconf 84' lang='lat' dir='ltr'>omnis</span> <span class='ocrx_word' id='word_1_319' title='bbox 789 2667 954 2713; x_wconf 87' lang='lat' dir='ltr'>controversiae</span> <span class='ocrx_word' id='word_1_320' title='bbox 968 2665 1019 2712; x_wconf 84' lang='lat' dir='ltr'>finis</span> <span class='ocrx_word' id='word_1_321' title='bbox 1035 2675 1070 2712; x_wconf 89' lang='lat' dir='ltr'>est</span> <span class='ocrx_word' id='word_1_322' title='bbox 1083 2669 1157 2729; x_wconf 81' lang='lat' dir='ltr'>jusju-</span> 
     </span>
    </p>

    <p class='ocr_par' dir='ltr' id='par_1_12' title="bbox 202 2727 1157 2918">
     <span class='ocr_line' id='line_1_38' title="bbox 232 2727 1157 2789; baseline 0.004 -15"><span class='ocrx_word' id='word_1_323' title='bbox 232 2727 431 2789; x_wconf 79' lang='lat' dir='ltr'>2Baptizmatum</span> <span class='ocrx_word' id='word_1_324' title='bbox 442 2728 560 2782; x_wconf 84' lang='lat' dir='ltr'>doctrinae,</span> <span class='ocrx_word' id='word_1_325' title='bbox 577 2743 603 2775; x_wconf 89' lang='lat' dir='ltr'>ac</span> <span class='ocrx_word' id='word_1_326' title='bbox 614 2744 662 2775; x_wconf 85' lang='lat' dir='ltr'>ma·</span> <span class='ocrx_word' id='word_1_327' title='bbox 694 2732 786 2778; x_wconf 87' lang='lat' dir='ltr'>randum</span> <span class='ocrx_word' id='word_1_328' title='bbox 808 2732 837 2778; x_wconf 90' lang='lat' dir='ltr'>ad</span> <span class='ocrx_word' id='word_1_329' title='bbox 857 2729 1047 2776; x_wconf 83' lang='lat' dir='ltr'>confirmationem</span> <span class='ocrx_word' id='word_1_330' title='bbox 1067 2734 1157 2778; x_wconf 71' lang='lat' dir='ltr'>adtui-</span> 
     </span>
     <span class='ocr_line' id='line_1_39' title="bbox 202 2792 750 2853; baseline 0.004 -14"><span class='ocrx_word' id='word_1_331' title='bbox 202 2807 271 2839; x_wconf 85' lang='lat' dir='ltr'>nuum</span> <span class='ocrx_word' id='word_1_332' title='bbox 287 2792 440 2853; x_wconf 85' lang='lat' dir='ltr'>impositionis,</span> <span class='ocrx_word' id='word_1_333' title='bbox 459 2798 483 2837; x_wconf 89' lang='lat' dir='ltr'>et</span> <span class='ocrx_word' id='word_1_334' title='bbox 498 2793 663 2839; x_wconf 82' lang='lat' dir='ltr'>resurrectionis</span> <span class='ocrx_word' id='word_1_335' title='bbox 693 2803 750 2842; x_wconf 85' lang='lat' dir='ltr'>tum.</span> 
     </span>
     <span class='ocr_line' id='line_1_40' title="bbox 202 2855 1157 2918; baseline 0.003 -15"><span class='ocrx_word' id='word_1_336' title='bbox 202 2863 348 2911; x_wconf 82' lang='lat' dir='ltr'>mortuorum,</span> <span class='ocrx_word' id='word_1_337' title='bbox 359 2855 465 2918; x_wconf 88' lang='lat' dir='ltr'>etjudicii</span> <span class='ocrx_word' id='word_1_338' title='bbox 476 2855 566 2902; x_wconf 87' lang='lat' dir='ltr'>aeterni.</span> <span class='ocrx_word' id='word_1_339' title='bbox 728 2862 757 2906; x_wconf 86' lang='grc'>17</span> <span class='ocrx_word' id='word_1_340' title='bbox 775 2856 827 2913; x_wconf 76' lang='lat' dir='ltr'>Qut</span> <span class='ocrx_word' id='word_1_341' title='bbox 834 2859 857 2904; x_wconf 94' lang='lat' dir='ltr'>in</span> <span class='ocrx_word' id='word_1_342' title='bbox 866 2874 890 2904; x_wconf 86' lang='lat' dir='ltr'>re</span> <span class='ocrx_word' id='word_1_343' title='bbox 899 2857 964 2904; x_wconf 90' lang='lat' dir='ltr'>Deus</span> <span class='ocrx_word' id='word_1_344' title='bbox 971 2857 1157 2906; x_wconf 86' lang='lat' dir='ltr'>volensexabuu-</span> 
     </span>
    </p>

    <p class='ocr_par' dir='ltr' id='par_1_13' title="bbox 201 2918 1157 3042">
     <span class='ocr_line' id='line_1_41' title="bbox 231 2918 1157 2983; baseline 0.004 -17"><span class='ocrx_word' id='word_1_345' title='bbox 231 2923 248 2966; x_wconf 72' lang='grc' dir='ltr'><strong>ὅ</strong></span> <span class='ocrx_word' id='word_1_346' title='bbox 264 2919 340 2981; x_wconf 82' lang='lat' dir='ltr'>Atque</span> <span class='ocrx_word' id='word_1_347' title='bbox 348 2920 370 2967; x_wconf 91' lang='lat' dir='ltr'>id</span> <span class='ocrx_word' id='word_1_348' title='bbox 378 2921 489 2975; x_wconf 83' lang='lat' dir='ltr'>iaciemus,</span> <span class='ocrx_word' id='word_1_349' title='bbox 499 2920 604 2980; x_wconf 84' lang='lat' dir='ltr'>siquidem</span> <span class='ocrx_word' id='word_1_350' title='bbox 612 2937 662 2982; x_wconf 89' lang='lat' dir='ltr'>per·</span> <span class='ocrx_word' id='word_1_351' title='bbox 694 2921 754 2968; x_wconf 89' lang='lat' dir='ltr'>danti</span> <span class='ocrx_word' id='word_1_352' title='bbox 771 2923 899 2968; x_wconf 80' lang='lat' dir='ltr'>haeredibus</span> <span class='ocrx_word' id='word_1_353' title='bbox 913 2918 1064 2983; x_wconf 86' lang='lat' dir='ltr'>promissionis</span> <span class='ocrx_word' id='word_1_354' title='bbox 1081 2931 1157 2970; x_wconf 88' lang='lat' dir='ltr'>osten·</span> 
     </span>
     <span class='ocr_line' id='line_1_42' title="bbox 201 2984 1157 3042; baseline 0 -8"><span class='ocrx_word' id='word_1_355' title='bbox 201 2984 284 3034; x_wconf 85' lang='lat' dir='ltr'>miserit</span> <span class='ocrx_word' id='word_1_356' title='bbox 296 2985 368 3032; x_wconf 86' lang='lat' dir='ltr'>Deus.</span> <span class='ocrx_word' id='word_1_357' title='bbox 697 2987 748 3033; x_wconf 88' lang='lat' dir='ltr'>dere</span> <span class='ocrx_word' id='word_1_358' title='bbox 759 2986 956 3032; x_wconf 83' lang='lat' dir='ltr'>immutabilitatem</span> <span class='ocrx_word' id='word_1_359' title='bbox 967 2986 1051 3032; x_wconf 89' lang='lat' dir='ltr'>consilii</span> <span class='ocrx_word' id='word_1_360' title='bbox 1063 2987 1104 3042; x_wconf 85' lang='lat' dir='ltr'>sui,</span> <span class='ocrx_word' id='word_1_361' title='bbox 1116 2987 1157 3034; x_wconf 75' lang='lat' dir='ltr'>lida</span> 
     </span>
    </p>

    <p class='ocr_par' dir='ltr' id='par_1_14' title="bbox 201 3049 1158 3301">
     <span class='ocr_line' id='line_1_43' title="bbox 232 3049 1068 3114; baseline 0.002 -20"><span class='ocrx_word' id='word_1_362' title='bbox 232 3049 326 3096; x_wconf 81' lang='lat' dir='ltr'>4Nsm</span> <span class='ocrx_word' id='word_1_363' title='bbox 337 3049 384 3096; x_wconf 85' lang='lat' dir='ltr'>fieri</span> <span class='ocrx_word' id='word_1_364' title='bbox 396 3065 440 3096; x_wconf 90' lang='lat' dir='ltr'>non</span> <span class='ocrx_word' id='word_1_365' title='bbox 457 3055 530 3111; x_wconf 88' lang='lat' dir='ltr'>potest</span> <span class='ocrx_word' id='word_1_366' title='bbox 541 3055 565 3094; x_wconf 89' lang='lat' dir='ltr'>ut</span> <span class='ocrx_word' id='word_1_367' title='bbox 576 3049 612 3109; x_wconf 91' lang='lat' dir='ltr'>qui</span> <span class='ocrx_word' id='word_1_368' title='bbox 628 3065 662 3095; x_wconf 87' lang='lat' dir='ltr'>se·</span> <span class='ocrx_word' id='word_1_369' title='bbox 690 3050 923 3114; x_wconf 77' lang='lat' dir='ltr'>jussitjurejurando:</span> <span class='ocrx_word' id='word_1_370' title='bbox 1066 3062 1068 3066; x_wconf 82' lang='lat'>·</span> 
     </span>
     <span class='ocr_line' id='line_1_44' title="bbox 201 3109 1158 3175; baseline 0.001 -17"><span class='ocrx_word' id='word_1_371' title='bbox 201 3113 245 3159; x_wconf 82' lang='lat' dir='ltr'>mel</span> <span class='ocrx_word' id='word_1_372' title='bbox 255 3113 337 3159; x_wconf 83' lang='lat' dir='ltr'>luerint</span> <span class='ocrx_word' id='word_1_373' title='bbox 345 3114 467 3168; x_wconf 81' lang='lat' dir='ltr'>illuminati,</span> <span class='ocrx_word' id='word_1_374' title='bbox 482 3114 664 3174; x_wconf 77' lang='lat' dir='ltr'>gustaverintque</span> <span class='ocrx_word' id='word_1_375' title='bbox 728 3119 757 3160; x_wconf 89' lang='lat'>18</span> <span class='ocrx_word' id='word_1_376' title='bbox 776 3109 810 3161; x_wconf 89' lang='lat' dir='ltr'>Ut</span> <span class='ocrx_word' id='word_1_377' title='bbox 825 3130 864 3175; x_wconf 90' lang='lat' dir='ltr'>per</span> <span class='ocrx_word' id='word_1_378' title='bbox 881 3114 935 3160; x_wconf 87' lang='lat' dir='ltr'>duas</span> <span class='ocrx_word' id='word_1_379' title='bbox 954 3129 989 3160; x_wconf 89' lang='lat' dir='ltr'>res</span> <span class='ocrx_word' id='word_1_380' title='bbox 1005 3113 1158 3168; x_wconf 79' lang='lat' dir='ltr'>immutabiles,</span> 
     </span>
     <span class='ocr_line' id='line_1_45' title="bbox 202 3177 1154 3239; baseline 0.002 -17"><span class='ocrx_word' id='word_1_381' title='bbox 202 3177 662 3238; x_wconf 84' lang='lat' dir='ltr'>dnuumilludcoeleste‚etparticipesfacti</span> <span class='ocrx_word' id='word_1_382' title='bbox 694 3178 716 3224; x_wconf 92' lang='lat' dir='ltr'>in</span> <span class='ocrx_word' id='word_1_383' title='bbox 735 3179 813 3239; x_wconf 89' lang='lat' dir='ltr'>quibus</span> <span class='ocrx_word' id='word_1_384' title='bbox 832 3177 878 3223; x_wconf 88' lang='lat' dir='ltr'>lieri</span> <span class='ocrx_word' id='word_1_385' title='bbox 895 3193 940 3223; x_wconf 92' lang='lat' dir='ltr'>non</span> <span class='ocrx_word' id='word_1_386' title='bbox 960 3185 1033 3238; x_wconf 89' lang='lat' dir='ltr'>potest</span> <span class='ocrx_word' id='word_1_387' title='bbox 1052 3184 1077 3223; x_wconf 91' lang='lat' dir='ltr'>ut</span> <span class='ocrx_word' id='word_1_388' title='bbox 1093 3193 1154 3224; x_wconf 84' lang='lat' dir='ltr'>rnen·</span> 
     </span>
     <span class='ocr_line' id='line_1_46' title="bbox 202 3238 1158 3301; baseline 0 -13"><span class='ocrx_word' id='word_1_389' title='bbox 202 3238 284 3288; x_wconf 79' lang='lat' dir='ltr'>tuerint</span> <span class='ocrx_word' id='word_1_390' title='bbox 295 3241 390 3301; x_wconf 75' lang='lat' dir='ltr'>Spiritus</span> <span class='ocrx_word' id='word_1_391' title='bbox 400 3241 487 3287; x_wconf 80' lang='lat' dir='ltr'>Sancti:</span> <span class='ocrx_word' id='word_1_392' title='bbox 695 3243 747 3288; x_wconf 87' lang='lat' dir='ltr'>titus</span> <span class='ocrx_word' id='word_1_393' title='bbox 758 3243 787 3288; x_wconf 91' lang='lat' dir='ltr'>sit</span> <span class='ocrx_word' id='word_1_394' title='bbox 799 3241 871 3296; x_wconf 85' lang='lat' dir='ltr'>Deus,</span> <span class='ocrx_word' id='word_1_395' title='bbox 883 3242 976 3288; x_wconf 83' lang='lat' dir='ltr'>validam</span> <span class='ocrx_word' id='word_1_396' title='bbox 984 3242 1158 3288; x_wconf 83' lang='lat' dir='ltr'>consolationem</span> 
     </span>
    </p>

    <p class='ocr_par' dir='ltr' id='par_1_15' title="bbox 203 3301 1156 3430">
     <span class='ocr_line' id='line_1_47' title="bbox 234 3301 1154 3365; baseline 0.003 -17"><span class='ocrx_word' id='word_1_397' title='bbox 234 3307 249 3348; x_wconf 82' lang='grc'><em>5</em></span> <span class='ocrx_word' id='word_1_398' title='bbox 267 3303 455 3364; x_wconf 80' lang='lat' dir='ltr'>Gustaverintque</span> <span class='ocrx_word' id='word_1_399' title='bbox 465 3305 547 3349; x_wconf 84' lang='lat' dir='ltr'>bonum</span> <span class='ocrx_word' id='word_1_400' title='bbox 558 3301 603 3350; x_wconf 87' lang='lat' dir='ltr'>Dei</span> <span class='ocrx_word' id='word_1_401' title='bbox 612 3320 663 3350; x_wconf 79' lang='lat' dir='ltr'>ves-</span> <span class='ocrx_word' id='word_1_402' title='bbox 695 3307 814 3352; x_wconf 88' lang='lat' dir='ltr'>babeamus</span> <span class='ocrx_word' id='word_1_403' title='bbox 824 3321 871 3359; x_wconf 82' lang='lat' dir='ltr'>nos,</span> <span class='ocrx_word' id='word_1_404' title='bbox 888 3305 924 3365; x_wconf 90' lang='lat' dir='ltr'>qui</span> <span class='ocrx_word' id='word_1_405' title='bbox 942 3321 1031 3352; x_wconf 86' lang='lat' dir='ltr'>cursum</span> <span class='ocrx_word' id='word_1_406' title='bbox 1046 3303 1071 3352; x_wconf 82' lang='lat' dir='ltr'>ed</span> <span class='ocrx_word' id='word_1_407' title='bbox 1088 3306 1154 3352; x_wconf 85' lang='lat' dir='ltr'>corri-</span> 
     </span>
     <span class='ocr_line' id='line_1_48' title="bbox 203 3366 1156 3430; baseline 0.003 -17"><span class='ocrx_word' id='word_1_408' title='bbox 203 3375 259 3420; x_wconf 76' lang='lat' dir='ltr'>bum,</span> <span class='ocrx_word' id='word_1_409' title='bbox 272 3381 298 3412; x_wconf 83' lang='lat' dir='ltr'>ac</span> <span class='ocrx_word' id='word_1_410' title='bbox 309 3367 401 3413; x_wconf 85' lang='lat' dir='ltr'>virtutes</span> <span class='ocrx_word' id='word_1_411' title='bbox 412 3367 479 3412; x_wconf 84' lang='lat' dir='ltr'>futuri</span> <span class='ocrx_word' id='word_1_412' title='bbox 492 3366 558 3412; x_wconf 87' lang='lat' dir='ltr'>seculi</span> <span class='ocrx_word' id='word_1_413' title='bbox 569 3383 576 3422; x_wconf 90' lang='lat'>;</span> <span class='ocrx_word' id='word_1_414' title='bbox 694 3369 789 3430; x_wconf 85' lang='lat' dir='ltr'>puirnus,</span> <span class='ocrx_word' id='word_1_415' title='bbox 801 3377 825 3415; x_wconf 91' lang='lat' dir='ltr'>ut</span> <span class='ocrx_word' id='word_1_416' title='bbox 837 3385 898 3430; x_wconf 88' lang='lat' dir='ltr'>spem</span> <span class='ocrx_word' id='word_1_417' title='bbox 909 3370 1044 3430; x_wconf 81' lang='lat' dir='ltr'>propositam</span> <span class='ocrx_word' id='word_1_418' title='bbox 1059 3369 1156 3416; x_wconf 76' lang='lat' dir='ltr'>obtinen-</span> 
     </span>
    </p>

    <p class='ocr_par' dir='ltr' id='par_1_16' title="bbox 201 3427 1160 3686">
     <span class='ocr_line' id='line_1_49' title="bbox 236 3427 759 3491; baseline 0.004 -15"><span class='ocrx_word' id='word_1_419' title='bbox 236 3433 259 3476; x_wconf 59' lang='lat'>62</span> <span class='ocrx_word' id='word_1_420' title='bbox 269 3429 292 3476; x_wconf 86' lang='lat' dir='ltr'>Si</span> <span class='ocrx_word' id='word_1_421' title='bbox 304 3431 451 3491; x_wconf 84' lang='lat' dir='ltr'>prolabantur,</span> <span class='ocrx_word' id='word_1_422' title='bbox 463 3427 536 3476; x_wconf 83' lang='lat' dir='ltr'>denud</span> <span class='ocrx_word' id='word_1_423' title='bbox 552 3444 663 3478; x_wconf 85' lang='lat' dir='ltr'>renoven·</span> <span class='ocrx_word' id='word_1_424' title='bbox 695 3449 759 3488; x_wconf 82' lang='lat' dir='ltr'>mus3</span> 
     </span>
     <span class='ocr_line' id='line_1_50' title="bbox 201 3493 1158 3554; baseline 0.002 -14"><span class='ocrx_word' id='word_1_425' title='bbox 201 3501 239 3540; x_wconf 89' lang='lat' dir='ltr'>tur</span> <span class='ocrx_word' id='word_1_426' title='bbox 249 3493 277 3538; x_wconf 82' lang='lat' dir='ltr'>ad</span> <span class='ocrx_word' id='word_1_427' title='bbox 287 3495 458 3554; x_wconf 86' lang='lat' dir='ltr'>resipiscentiam</span> <span class='ocrx_word' id='word_1_428' title='bbox 469 3511 476 3550; x_wconf 74' lang='grc' dir='ltr'><strong><em>ς</em></strong></span> <span class='ocrx_word' id='word_1_429' title='bbox 494 3496 564 3554; x_wconf 92' lang='lat' dir='ltr'>utqui</span> <span class='ocrx_word' id='word_1_430' title='bbox 577 3511 664 3542; x_wconf 86' lang='lat' dir='ltr'>rursum</span> <span class='ocrx_word' id='word_1_431' title='bbox 730 3500 759 3544; x_wconf 84' lang='lat'>19</span> <span class='ocrx_word' id='word_1_432' title='bbox 777 3497 851 3550; x_wconf 84' lang='lat' dir='ltr'>Quam</span> <span class='ocrx_word' id='word_1_433' title='bbox 863 3496 923 3542; x_wconf 77' lang='lat' dir='ltr'>velut</span> <span class='ocrx_word' id='word_1_434' title='bbox 939 3496 1025 3542; x_wconf 88' lang='lat' dir='ltr'>animae</span> <span class='ocrx_word' id='word_1_435' title='bbox 1039 3497 1158 3542; x_wconf 85' lang='lat' dir='ltr'>anchoram</span> 
     </span>
     <span class='ocr_line' id='line_1_51' title="bbox 203 3555 1157 3621; baseline 0.003 -20"><span class='ocrx_word' id='word_1_436' title='bbox 203 3555 333 3619; x_wconf 75' lang='lat' dir='ltr'>crucifigant</span> <span class='ocrx_word' id='word_1_437' title='bbox 346 3559 386 3604; x_wconf 92' lang='lat' dir='ltr'>sibi</span> <span class='ocrx_word' id='word_1_438' title='bbox 399 3557 479 3605; x_wconf 90' lang='lat' dir='ltr'>Filium</span> <span class='ocrx_word' id='word_1_439' title='bbox 491 3558 544 3613; x_wconf 85' lang='lat' dir='ltr'>Dei,</span> <span class='ocrx_word' id='word_1_440' title='bbox 560 3566 583 3605; x_wconf 90' lang='lat' dir='ltr'>et</span> <span class='ocrx_word' id='word_1_441' title='bbox 598 3560 664 3621; x_wconf 82' lang='lat' dir='ltr'>igno·</span> <span class='ocrx_word' id='word_1_442' title='bbox 696 3560 816 3607; x_wconf 75' lang='lat' dir='ltr'>babeamus.</span> <span class='ocrx_word' id='word_1_443' title='bbox 826 3569 896 3606; x_wconf 88' lang='lat' dir='ltr'>tutam</span> <span class='ocrx_word' id='word_1_444' title='bbox 907 3575 933 3606; x_wconf 81' lang='lat' dir='ltr'>ac</span> <span class='ocrx_word' id='word_1_445' title='bbox 945 3559 1038 3608; x_wconf 79' lang='lat' dir='ltr'>firmam.</span> <span class='ocrx_word' id='word_1_446' title='bbox 1049 3567 1072 3606; x_wconf 90' lang='lat' dir='ltr'>et</span> <span class='ocrx_word' id='word_1_447' title='bbox 1082 3560 1157 3620; x_wconf 79' lang='lat' dir='ltr'>ingru-</span> 
     </span>
     <span class='ocr_line' id='line_1_52' title="bbox 206 3619 1160 3686; baseline 0.006 -22"><span class='ocrx_word' id='word_1_448' title='bbox 206 3619 284 3666; x_wconf 79' lang='lat' dir='ltr'>ariniae</span> <span class='ocrx_word' id='word_1_449' title='bbox 294 3633 414 3681; x_wconf 88' lang='lat' dir='ltr'>exponant.</span> <span class='ocrx_word' id='word_1_450' title='bbox 696 3624 793 3670; x_wconf 89' lang='lat' dir='ltr'>dientem</span> <span class='ocrx_word' id='word_1_451' title='bbox 805 3625 906 3686; x_wconf 88' lang='lat' dir='ltr'>usquein</span> <span class='ocrx_word' id='word_1_452' title='bbox 923 3639 1016 3684; x_wconf 77' lang='lat' dir='ltr'>eaquae</span> <span class='ocrx_word' id='word_1_453' title='bbox 1032 3639 1084 3669; x_wconf 78' lang='lat' dir='ltr'>sum</span> <span class='ocrx_word' id='word_1_454' title='bbox 1101 3623 1160 3670; x_wconf 77' lang='lat' dir='ltr'>intra</span> 
     </span>
    </p>
   </div>
   <div class='ocr_carea' id='block_1_3' title="bbox 236 3681 787 3790">
    <p class='ocr_par' dir='ltr' id='par_1_17' title="bbox 236 3681 787 3790">
     <span class='ocr_line' id='line_1_53' title="bbox 236 3681 787 3790; baseline 0.011 -62"><span class='ocrx_word' id='word_1_455' title='bbox 236 3685 248 3727; x_wconf 84' lang='grc'><strong>1</strong></span> <span class='ocrx_word' id='word_1_456' title='bbox 267 3681 327 3729; x_wconf 84' lang='lat' dir='ltr'>Nam</span> <span class='ocrx_word' id='word_1_457' title='bbox 339 3689 402 3737; x_wconf 79' lang='lat' dir='ltr'>terra,</span> <span class='ocrx_word' id='word_1_458' title='bbox 411 3685 568 3790; x_wconf 60' lang='lat' dir='ltr'>qipaegimbrem</span> <span class='ocrx_word' id='word_1_459' title='bbox 581 3686 666 3748; x_wconf 78' lang='lat' dir='ltr'>saepius</span> <span class='ocrx_word' id='word_1_460' title='bbox 696 3687 787 3734; x_wconf 72' lang='lat' dir='ltr'>velums</span> 
     </span>
    </p>
   </div>
   <div class='ocr_carea' id='block_1_4' title="bbox 0 0 1369 4312">
    <p class='ocr_par' dir='ltr' id='par_1_18' title="bbox 0 0 1369 4312">
     <span class='ocr_line' id='line_1_54' title="bbox 0 0 1369 4312; baseline 0 0"><span class='ocrx_word' id='word_1_461' title='bbox 0 0 1369 4312; x_wconf 95' lang='lat' dir='ltr'> </span> 
     </span>
    </p>
   </div>
  </div>
 </body>
</html>
