2756 4320
26 19 189 223 Γ,

574 416 739 473 JOANNES,
765 415 810 464 x1.

235 529 266 571 w
284 524 375 572 riuus
385 539 452 586 argo,
464 531 489 572 ut
499 523 583 571 audivit
591 521 670 572 Jesum
702 530 760 579 runt,
783 523 838 570 Non
856 532 941 586 pterst
961 526 1003 580 irio,
1025 529 1063 586 qut
1086 533 1169 588 speruit

201 594 284 643 uenire
296 589 395 635 occurrit
405 589 426 634 ei
437 605 443 634 r
464 585 601 634 Mariarerd
611 589 670 635 domi
702 588 779 634 oculos
790 590 857 644 oneri,
868 590 940 635 iacere
952 597 1009 636 utet
1021 589 1113 636 istenou
1121 605 1169 636 mo·

201 653 299 702 tedebat.
703 651 805 698 teretur?

237 721 264 762 21
284 715 352 762 Dixit
362 722 440 762 autem
449 715 541 762 Msrtha
549 714 611 768 Jesu,
619 713 670 760 Do·
734 720 766 760 58
775 714 842 763 Jesus
849 731 905 778 ergo
914 731 1000 762 rursum
1010 716 1106 763 fremens
1115 730 1169 778 spus

201 779 270 834 arius,
282 781 300 826 si
311 779 393 826 fuisses
404 781 447 835 hic,
458 778 528 824 stu-s
544 795 607 824 meus
627 794 671 824 non
704 780 853 840 semetipsum,
870 782 933 826 venit
944 781 971 826 sd
982 790 1167 827 monumentum:

201 843 282 890 fuisset
292 853 412 890 mortuus:
704 851 751 889 erat
762 851 836 889 autem
848 845 959 905 spelunca,
975 852 999 890 et
1010 845 1064 906 lapis
1083 853 1131 892 erat
1149 845 1170 890 si

238 911 269 952 22
287 907 365 953 Sedet
377 921 437 952 nrrnc
445 921 498 958 sero,
510 912 559 952 sore
570 913 595 950 ut
605 921 672 966 quart·
704 907 829 967 impositus.

202 987 293 1030 auoque
302 971 392 1032 petieris
402 986 416 1016 a
428 969 487 1021 Deo,
499 970 537 1016 det
547 970 593 1016 tibi.
737 971 828 1017 sanir
855 969 929 1024 Jesus,
957 969 1041 1017 Tollite
1067 971 1168 1032 lapidem.

239 1038 270 1080 25
288 1034 352 1082 Dicit
362 1035 383 1080 ei
394 1033 469 1089 Jesus,
481 1033 596 1095 Resurget
606 1032 674 1079 irater
707 1033 772 1080 Dicit
781 1034 800 1079 ei
814 1033 913 1086 itlartira,
925 1049 989 1079 soror
999 1036 1047 1095 ejrrs
1057 1037 1094 1094 qui
1110 1049 1171 1080 mor·

208 1102 265 1146 trus.
706 1103 758 1143 tuus
769 1097 847 1151 fuerat,
858 1097 1018 1159 Dominejam
1035 1098 1097 1155 oiet3
1114 1113 1171 1160 que·

240 1165 272 1208 24
289 1160 352 1208 Dicit
363 1161 383 1208 ei
393 1159 492 1215 Msrtlrs,
503 1160 554 1208 Soio
563 1175 674 1206 resurrec-
707 1167 759 1208 tuor
769 1161 828 1206 euim
840 1161 923 1206 dierum
934 1169 975 1207 est.

204 1239 283 1272 rurum
304 1226 328 1271 in
350 1224 513 1272 resurrections
534 1225 613 1271 ultimo
637 1224 675 1270 illo
740 1228 773 1270 40
790 1224 853 1270 Dicit
864 1226 884 1270 ei
895 1223 968 1276 Jesus,
982 1223 1065 1271 Nonne
1074 1225 1118 1271 dixi
1129 1226 1172 1282 tte,

207 1291 252 1336 dio.
707 1286 762 1342 fore,
778 1288 930 1344 sieredideris,
948 1302 971 1336 ut
989 1290 1062 1335 rideas
1078 1289 1172 1351 gloriam

242 1356 273 1400 25
290 1351 470 1406 DixiteiJesus,
483 1350 592 1414 Egosum
600 1367 674 1398 resur·
709 1351 774 1398 Dei?

207 1418 308 1464 rectinet
317 1417 374 1463 vita:
393 1415 675 1476 quiereditiumeetiam·
740 1419 769 1462 41
790 1415 931 1463 Sustulerunt
939 1429 994 1478 ergo
1002 1417 1096 1478 lapidem
1106 1418 1172 1464 eloco

208 1479 513 1533 simonuusiueritvivetr
708 1479 905 1528 ubimortuusille
919 1480 990 1527 iuerat
1006 1482 1097 1542 positus.
1130 1481 1172 1529 Je-

241 1549 273 1592 26
290 1544 325 1605 Et
333 1544 432 1604 quisquis
443 1543 505 1597 vivit,
524 1549 549 1590 et
565 1542 636 1588 eredit
653 1543 675 1588 in
708 1559 747 1590 sus
757 1551 830 1590 autem
842 1545 930 1590 sustulit
945 1560 1031 1592 sursum
1049 1546 1132 1599 oculos,
1148 1553 1172 1592 st

208 1623 251 1662 me,
259 1624 304 1654 non
313 1608 419 1654 morietur
426 1607 448 1654 iu
457 1614 579 1654 aeteruum.
598 1605 677 1654 Credis
709 1608 770 1662 dixit,
783 1607 856 1662 Pater,
868 1610 951 1670 gratias
961 1625 1005 1670 ago
1017 1610 1055 1656 tibi
1066 1607 1125 1670 qudd
1136 1623 1173 1656 me

209 1672 271 1719 hoe?
709 1672 810 1718 audieris.

242 1739 272 1782 27
290 1735 332 1782 Ait
342 1735 381 1788 illi,
399 1733 483 1788 Etiam,
504 1733 611 1786 Domine,
633 1750 677 1796 ego
741 1740 773 1780 42
790 1735 843 1796 Ego
854 1732 908 1781 vend
919 1735 1012 1781 sciebam
1021 1750 1058 1780 me
1066 1751 1173 1798 sempera

211 1801 279 1846 credo
289 1808 312 1845 te
323 1815 372 1846 esse
384 1797 498 1846 Christum
516 1799 577 1844 illum
596 1798 677 1844 Filium
710 1806 732 1845 te
749 1799 835 1844 audiri:
861 1799 899 1844 sed
916 1806 1006 1859 propter
1025 1800 1111 1844 turbam
1129 1801 1173 1845 cir·

209 1865 272 1910 iilum
284 1863 337 1917 Dei,
353 1862 428 1923 quiin
444 1863 551 1922 mundum
571 1871 678 1908 venturus
710 1869 857 1908 cumstantem
868 1863 910 1908 doc
921 1862 973 1917 dixi,
990 1868 1015 1907 ut
1031 1863 1122 1908 credunt
1138 1877 1173 1910 me

210 1936 264 1974 erat.
710 1935 757 1972 ate
768 1925 859 1970 missum
870 1939 926 1971 esse.

243 1995 274 2037 28
291 1989 325 2036 Et
341 2004 409 2050 quum
429 1989 483 2034 haee
502 1989 599 2042 dixisset,
619 1989 677 2043 abiit,
743 1992 775 2034 45
792 1987 824 2036 Et
834 2004 903 2050 quum
914 1989 968 2034 haee
979 1988 1076 2043 dixisset,
1091 1989 1172 2036 ciama-

210 2066 234 2102 et
260 2055 317 2101 ciam
343 2053 433 2099 vocarit
450 2052 557 2099 'Mariam
579 2068 677 2098 sororem
710 2052 819 2100 vitrove
839 2050 927 2115 mugnis,
950 2051 1045 2108 haere,
1067 2054 1172 2102 edendnm

213 2135 282 2168 ruam.
294 2119 376 2172 diceus,
389 2116 524 2178 Praeceptor
534 2116 603 2170 adest,
619 2127 642 2162 et
657 2125 678 2162 te
710 2117 777 2163 foras.

213 2194 286 2230 vocat.
549 2187 552 2192 '
742 2184 775 2225 44
791 2179 852 2226 Tum
863 2181 900 2241 qui
911 2179 983 2228 tuerat
997 2189 1104 2234 mortuus,
1121 2198 1173 2243 pro·

244 2251 276 2293 29
294 2243 336 2292 Illa
347 2251 372 2290 ut
384 2244 475 2298 audivit,
495 2244 567 2305 surgit
585 2240 637 2297 citri,
656 2252 679 2290 et
711 2244 751 2290 diit
766 2245 832 2306 pedes
848 2256 870 2290 et
886 2260 965 2290 manus
982 2245 1069 2291 rinctus
1085 2245 1174 2302 insciis3

212 2311 272 2358 venit
282 2311 310 2357 ad
321 2325 382 2356 eum.
711 2307 779 2354 fa'cies
800 2315 874 2353 autern
895 2309 943 2368 ejus
962 2309 1049 2354 sudario
1067 2316 1116 2353 emt
1135 2310 1174 2355 ob-

243 2379 276 2420 50
294 2373 415 2436 (Nondum
425 2379 500 2418 autem
509 2379 600 2418 venerat
611 2370 678 2418 Jesus
712 2372 793 2417 vincta.
828 2370 930 2416 Diciteis
938 2370 1012 2425 Jerus,
1023 2371 1108 2418 Solvite
1116 2387 1175 2425 enm,
1267 2419 1271 2424 .

213 2439 235 2484 iu
254 2452 346 2493 vrcum;
366 2437 405 2482 sed
422 2443 470 2482 erat
488 2437 511 2481 iu
528 2451 556 2481 eo
575 2435 625 2481 ioco
643 2434 678 2481 ubi
711 2443 734 2482 et
745 2435 811 2480 sinite
821 2435 887 2480 abire.

213 2508 339 2549 occurrerat
349 2500 369 2546 ei
381 2497 494 2558 uterina)
744 2502 776 2545 45
794 2497 863 2544 Multi
874 2513 930 2558 ergo
941 2512 969 2544 ex
980 2497 1071 2546 Judaeis
1082 2499 1119 2558 qui
1135 2513 1174 2545 re·

244 2569 273 2612 51
293 2563 374 2613 Judaei
395 2578 457 2624 ergo,
480 2562 517 2623 qui
536 2562 596 2608 domi
615 2569 679 2609 erunt
713 2570 791 2609 nerant
807 2562 835 2608 sd
852 2561 956 2616 Mariam,
975 2569 998 2609 et
1014 2575 1174 2624 conspexerant

212 2625 305 2684 cumei,
317 2636 340 2674 et
350 2627 521 2673 consolabantur
536 2642 592 2680 earn,
609 2641 678 2686 quum
711 2642 769 2688 quae
790 2625 871 2673 iecerat
893 2625 965 2680 Jerus,
992 2628 1132 2674 crediderunt
1153 2629 1175 2674 in

213 2694 321 2739 vidissent
333 2691 430 2737 Mariam
447 2687 491 2736 citd
510 2691 639 2743 surrexisse,
657 2701 680 2736 et
712 2705 771 2737 eum.

214 2757 299 2810 exiisse,
321 2762 408 2815 sequuti
426 2762 478 2800 sunt
496 2755 679 2808 earmtdicentes,
745 2758 777 2801 46
795 2754 892 2809 Quidam
909 2762 982 2801 autem
993 2771 1022 2803 ex
1033 2756 1065 2803 eis
1076 2755 1175 2804 abietum
1268 2774 1271 2780 ·

215 2805 269 2868 ituit
279 2820 307 2867 sd
318 2828 495 2870 monumentum,
507 2827 532 2864 ut
542 2816 586 2864 illio
597 2817 656 2863 fleat.
712 2818 740 2865 ad
757 2819 893 2874 Pharisaeos,
912 2828 936 2866 et
952 2821 1055 2867 dixerunt
1073 2821 1105 2867 eis
1120 2835 1177 2881 quas

213 2883 224 2894 ‘
245 2889 277 2930 52
296 2882 370 2928 Maria
384 2879 438 2928 verd
455 2897 523 2942 quum
540 2883 637 2928 venisset
652 2878 680 2927 ed
712 2882 794 2929 fecerat
805 2882 880 2930 Jssus.

215 2949 250 2996 uir
268 2954 316 2994 erat
337 2944 411 3000 Jesus,
426 2945 479 2998 ,riso
500 2961 534 2998 eo,
554 2946 632 2992 accidit
654 2946 681 2990 ad
745 2950 776 2992 47
794 2950 810 3007 q
825 2945 956 3008 coegerunt
966 2963 1021 3008 ergo
1032 2947 1128 3007 primarii
1141 2963 1176 2993 su·
1260 2955 1263 2962 '

215 3014 261 3074 ejus
287 3011 361 3072 pedes,
384 3010 459 3056 dicens
479 3009 507 3062 ei,
528 3008 634 3061 Domine,
663 3009 680 3054 si
713 3009 1175 3062 cerdotesetPharisaeieonsilium,otdi·

216 3077 294 3122 iuisses
305 3076 346 3127 hio,
364 3088 410 3120 nou
421 3080 480 3119 esset
496 3082 597 3119 mortuus
614 3073 681 3118 frater
713 3075 798 3124 cebant,
810 3072 871 3125 Quid
880 3072 989 3132 agemus?
1005 3087 1057 3118 nam
1066 3072 1101 3118 iric
1110 3073 1178 3120 homo

218 3155 287 3186 meus.
714 3136 859 3195 muitasiguu
869 3135 922 3180 edit.

247 3207 280 3249 55
295 3201 363 3250 Jesus
374 3215 455 3255 aurem,
467 3207 492 3246 ut
502 3199 558 3247 uidit
566 3215 614 3246 eam
623 3199 679 3246 flen-
746 3203 778 3244 48
796 3199 819 3246 Si
831 3199 960 3244 omittamus
975 3213 1026 3244 eum
1042 3205 1079 3252 rta,
1101 3215 1178 3248 omnes

216 3277 268 3321 tem,
280 3273 303 3312 st
311 3265 410 3313 Judueos
417 3264 453 3324 qui
462 3259 506 3310 uni
514 3271 622 3310 venerant
630 3279 681 3309 cum
714 3264 734 3310 ei
751 3264 858 3310 credent:
884 3262 1018 3322 venientque
1035 3261 1139 3316 Romani,
1155 3278 1178 3312 ει

218 3330 242 3378 tri
253 3330 337 3382 flentes,
349 3327 462 3374 infremuit
473 3327 557 3389 spiritu,
573 3336 597 3374 et
607 3329 681 3374 turba·
714 3328 818 3374 delebunt
837 3335 884 3372 tum
904 3326 978 3372 locum
1000 3333 1107 3380 nostrum,
1130 3339 1176 3375 tum

219 3395 249 3439 rit
259 3395 370 3454 seipsum
715 3399 813 3454 gentem.

249 3462 281 3502 54
299 3457 332 3502 Et
348 3455 410 3509 dixit,
429 3453 474 3501 Ubi
490 3455 595 3516 posuistis
611 3453 683 3502 eum?
747 3457 779 3510 ⁴9
798 3455 863 3502 Unus
874 3460 947 3499 sutem
956 3467 984 3498 ex
993 3453 1051 3513 ipsis.
1063 3451 1176 3515 Caiaphns.

223 3520 343 3572 Dicuntei.
357 3518 463 3572 Domine,
475 3520 558 3565 veniet
569 3519 626 3564 vide.
715 3518 816 3580 pontifex
834 3518 946 3563 maximus
964 3518 1015 3562 anni
1034 3517 1098 3572 iilius,
1124 3520 1177 3566 dixu

249 3588 280 3631 55
299 3582 446 3642 Larrymatus
457 3591 491 3628 est
502 3582 576 3631 Jesus.
716 3584 755 3636 eis,
768 3582 817 3628 Vos
829 3581 881 3628 nihil
893 3580 968 3637 scitir;

249 3652 282 3694 56
300 3646 415 3693 Dixerunt
432 3661 488 3707 ergo
506 3645 593 3702 Judaei,
614 3644 681 3699 Ecce,
748 3651 781 3692 50
798 3645 848 3691 Neo
859 3644 961 3704 cogitatis
972 3645 1096 3692 conducere
1110 3649 1179 3702 nobis,

171 3749 175 3756 .
224 3709 331 3771 quomodo
342 3711 428 3756 amabat
439 3709 505 3756 eum!
717 3718 741 3755 ut
759 3725 816 3754 unus
832 3710 900 3754 homo
916 3709 1023 3756 moriatur
1039 3725 1080 3773 pro
1091 3713 1178 3776 popuio,

235 3832 236 3838 ἵ
251 3779 280 3822 3⁰
299 3774 395 3828 Quidam
415 3784 489 3882 rupim
508 3787 537 3819 ex
553 3773 605 3833 ipsis
622 3775 682 3819 nur-
716 3789 739 3823 et
750 3783 797 3822 rou
807 3787 864 3836 gens
875 3787 920 3822 non
931 3781 1013 3835 pereat
