2720 4312
469 418 617 470 Jonuuls
635 417 872 472 APOCALYPSIS,
895 417 940 464 VI.

239 523 293 570 aba
321 529 344 570 οἱ
362 519 445 585 bagad,
467 529 490 569 et
508 523 596 584 populo,
618 531 697 569 etna·
728 530 779 569 tuor
789 521 891 568 animalia
901 521 1016 575 dicentem,
1031 517 1134 570 Cnoertx
1152 529 1189 568 tn·

238 590 312 634 tione:
729 587 872 640 undenario,
884 591 907 631 et
923 592 967 632 tren
984 585 1099 632 choenices
1116 585 1191 634 hordd

272 653 300 695 10
317 649 349 695 Et
358 647 427 695 fecisti
436 665 476 695 noa
487 648 539 694 Deo
548 656 624 695 nostro
633 665 698 710 regen
729 650 831 696 denariae
850 657 873 696 et
883 649 960 694 vinum
974 654 997 695 et
1013 649 1087 695 oleum
1102 664 1131 695 ne
1146 649 1191 696 ite·

237 725 258 760 at
275 713 415 770 sacerdotea3
437 721 459 759 et
476 714 616 774 regnabimus
633 729 698 774 super
729 714 790 760 acris.

238 785 323 822 terrain
762 780 776 824 7
801 776 923 836 Quumque
949 775 1070 837 aperuisset
1096 776 1192 838 sigillata

271 843 295 886 11
316 836 376 885 Tum
393 839 475 900 aspexi,
493 844 516 885 et
532 839 605 886 audivi
620 840 643 886 in
654 840 697 885 cir-
730 849 838 900 quartum,
850 841 922 889 audivi
935 855 1012 886 vocem
1023 840 1094 900 quarti
1107 841 1189 888 anima·

237 905 296 952 cuitu
316 904 394 958 throni,
412 911 435 949 et
451 903 584 956 animalium,
604 911 626 950 et
640 904 698 949 seni·
730 905 881 956 iisdicentem,
895 904 961 956 Veni,
973 912 996 948 et
1007 904 1064 950 vide.

238 983 299 1014 11111111
309 968 403 1015 iliorum.
416 983 493 1012 vocem
501 968 631 1028 angelorum
640 967 698 1012 mui-
763 972 777 1012 8
794 967 855 1013 'l'um
866 968 917 1020 vidi,
929 976 951 1013 et
962 983 1020 1021 ecce,
1034 969 1115 1013 aderat
1123 982 1193 1029 equae

237 1037 326 1086 tarum3
348 1039 371 1076 et
387 1037 434 1076 erat
444 1046 521 1076 eorum
533 1046 638 1076 numerus
648 1031 699 1076 mii·
730 1031 830 1093 pallidus,
847 1039 870 1077 et
885 1033 933 1092 qiua
944 1032 981 1091 qui
997 1031 1134 1077 insidebatei
1152 1047 1193 1078 ao·

238 1094 277 1140 iles
288 1103 381 1140 centana
391 1095 465 1148 miliia,
481 1103 505 1141 et
520 1095 592 1140 denica
607 1102 700 1140 centena
731 1110 782 1140 men
799 1103 846 1140 erat
862 1094 943 1148 Mum
960 1101 983 1140 et
999 1094 1098 1141 infernus
1114 1109 1192 1155 aequa*

238 1159 319 1205 miliia:
730 1159 794 1204 batur
812 1173 876 1215 eam;
894 1159 986 1218 dataque
1000 1165 1035 1204 eat
1052 1159 1085 1205 eia
1099 1159 1121 1204 in
1139 1173 1184 1218 quo

273 1227 301 1268 19
319 1219 595 1283 Dicenteacocemagni,
607 1221 699 1282 Dignus
731 1223 831 1268 danum
856 1229 926 1268 terrae
953 1229 1052 1283 potestas
1073 1223 1194 1268 trucidand-

175 1279 181 1290 '
237 1293 272 1336 att
283 1285 365 1347 Agnus
376 1285 412 1331 iile
423 1293 537 1340 mactatus,
554 1287 592 1346 qui
608 1285 700 1347 accipiat
730 1285 811 1347 gladio,
822 1293 845 1331 et
855 1285 920 1340 fame,
931 1292 954 1331 et
970 1293 1048 1340 morte,
1059 1290 1136 1348 et'per
1150 1295 1193 1332 ter·

238 1350 348 1403 virtutem,
370 1355 393 1396 et
409 1349 503 1402 diuitiae,
524 1355 548 1395 et
563 1349 699 1410 sapientiam,
731 1349 887 1396 reatreaieras.

237 1421 260 1460 et
271 1413 429 1466 fortitudinem,
445 1419 469 1458 et
479 1412 593 1467 honorem,
610 1421 633 1458 et
648 1411 699 1474 glo·
764 1418 778 1461 9
807 1411 883 1466 Quum
898 1408 951 1459 vend
963 1411 1083 1474 aperuisset
1098 1411 1193 1473 sigillum

238 1477 298 1529 dam,
309 1486 333 1522 et
343 1475 524 1522 benedictionem.
730 1475 838 1537 quintum,
850 1477 895 1522 vidi
902 1477 943 1522 sub
950 1476 1017 1522 altare
1025 1477 1109 1522 animan
1117 1490 1194 1522 eorum

271 1543 301 1584 13
318 1538 362 1585 Sed
372 1545 396 1585 et
405 1554 495 1586 omnem
503 1545 632 1593 creaturam,
643 1553 700 1599 quae
730 1540 767 1600 qui
789 1541 878 1586 mactati
899 1540 987 1586 fuerant
1001 1548 1090 1600 propter
1103 1540 1194 1585 verbum

237 1601 260 1649 in
271 1603 333 1648 coelo
344 1609 384 1656 est,
400 1609 424 1648 et
434 1617 500 1663 anper
514 1609 603 1656 terram,
620 1610 644 1648 et
659 1603 700 1648 sub
731 1603 786 1657 Dei,
808 1612 830 1650 et
852 1612 942 1666 propter
963 1603 1113 1650 testimonium
1135 1603 1193 1663 quod

238 1664 301 1719 terri,
318 1674 341 1711 et
352 1665 374 1712 111
386 1666 447 1719 atari,
464 1672 488 1712 et
497 1681 553 1727 qaae
564 1667 586 1711 in
599 1667 632 1712 eia
648 1672 700 1712 aaut
731 1668 854 1714 tuebantur.

238 1731 318 1782 omnia,
329 1729 403 1775 audivi
414 1729 516 1783 dicentia,
534 1730 620 1776 Sessori
636 1731 699 1776 thro·
764 1734 795 1776 10
812 1729 944 1778 Clamabunt
955 1737 1029 1776 autem
1040 1745 1096 1776 voce
1103 1726 1193 1792 magni,

237 1809 273 1846 uo,
285 1801 308 1839 et
320 1793 395 1854 Agna,
406 1794 535 1846 benedictio,
550 1795 661 1846 ethonor,
677 1799 701 1840 et
730 1794 835 1848 dicentes,
865 1795 994 1856 Usquequo,
1023 1793 1129 1847 Domine,
1156 1794 1194 1853 qui

237 1858 314 1920 gioria,
326 1866 349 1902 et
361 1858 431 1912 robur,
443 1857 465 1902 in
477 1857 551 1903 secula
561 1858 693 1903 seculorum.
731 1868 821 1904 nanctus
831 1874 856 1904 ea
867 1865 890 1904 et
909 1871 985 1914 verax,
1005 1872 1050 1903 non
1065 1857 1153 1918 judicas
1169 1872 1195 1903 aa

272 1925 301 1966 14
319 1920 420 1974 Quatuor
429 1929 502 1966 autem
511 1921 612 1966 animalia
620 1920 657 1968 iila
664 1920 698 1966 di·
730 1923 862 1983 sanguinem
871 1929 972 1967 nostrum
981 1921 1085 1973 vindicas,
1093 1922 1145 1967 111111
1157 1936 1193 1966 re·

237 1985 321 2038 cebant,
338 1984 426 2030 Anien:
450 1990 473 2030 et
484 1984 657 2046 vigintiquatuor
668 1983 699 2030 illi
726 1989 840 2046 poscendo
852 1987 878 2032 ab
889 1986 915 2031 iia
926 1984 963 2046 qui
974 1984 1103 2031 habitantia
1112 1983 1187 2030 terra?

237 2049 335 2096 teniores
346 2047 487 2107 prociderunt
496 2049 519 2093 in
531 2047 597 2093 facies
608 2063 665 2100 suas,
676 2055 700 2094 et
767 2052 794 2094 11
813 2048 873 2095 Tum
885 2050 949 2094 datae
959 2057 1011 2095 aunt
1022 2048 1116 2110 cingulis
1127 2048 1195 2095 stolae

236 2109 355 2159 adorirunt
365 2126 416 2157 eum
427 2111 464 2171 qui
476 2111 531 2157 vivit
542 2113 564 2157 in
576 2112 649 2158 secula
663 2127 698 2158 ae·
730 2113 803 2169 aibae;
820 2119 842 2158 et
853 2113 935 2159 dictum
946 2121 980 2159 est
991 2113 1029 2166 eia,
1039 2120 1063 2158 ut
1072 2112 1195 2172 requiesce·

237 2175 344 2221 culorum.
730 2184 780 2222 rent
791 2177 861 2222 adhuc
872 2176 983 2236 paululum
995 2175 1106 2237 temporis,
1114 2190 1196 2235 usque·

730 2255 774 2300 qno
790 2240 941 2301 compleantur
956 2241 1022 2286 etiam
1039 2239 1140 2285 conservi
1156 2255 1196 2286 eo·

398 2300 471 2350 cnP.
489 2301 533 2348 Vi.
732 2319 787 2358 rum,
799 2312 822 2350 et
832 2305 911 2350 fratrea
921 2319 1005 2358 eorum,
1020 2304 1058 2364 qui
1073 2303 1195 2350 trucidandi

292 2365 401 2413 osTEn
421 2367 473 2420 vidi,
494 2381 562 2427 quum
580 2366 700 2428 aperuisset
731 2376 789 2421 sunt,
801 2369 858 2414 sicut
867 2376 891 2414 et
901 2368 947 2428 ipsi.

303 2431 385 2491 Agnus
393 2431 488 2490 primunt
497 2445 525 2476 ex
533 2431 617 2491 sigiliis,
628 2438 651 2476 et
660 2446 698 2476 au·
765 2435 795 2476 12
812 2431 901 2478 Deinde
907 2432 989 2492 aspexi,
998 2446 1066 2492 quum
1075 2429 1195 2492 aperuisset

237 2493 281 2540 clici
293 2508 361 2539 unum
375 2509 404 2540 ex
417 2500 511 2554 quatuor
521 2494 563 2540 illia
571 2494 700 2540 animalibus
731 2494 827 2556 sigillum
839 2504 932 2549 sextum,
944 2505 965 2540 et
976 2511 1034 2548 ecce,
1052 2501 1195 2540 terraemotua

236 2557 317 2611 dicens,
329 2563 432 2617 tanquam
441 2573 518 2603 vocem
526 2557 623 2612 tonitrui,
634 2556 700 2614 Veni,
731 2573 826 2620 magnus
836 2558 907 2604 iactus
918 2567 969 2604 est:
988 2566 1011 2604 et
1026 2558 1060 2604 sol
1075 2558 1146 2603 sactus
1161 2565 1195 2602 eat

238 2626 260 2666 et
271 2620 327 2667 vide.
731 2621 796 2682 niger
806 2629 831 2667 ut
842 2638 918 2668 caccus
929 2623 1033 2677 cilicinus,
1045 2629 1068 2667 et
1081 2623 1133 2667 luna
1150 2627 1195 2666 tota

267 2686 284 2728 2
311 2682 396 2742 Aapexi
417 2682 491 2744 igitur,
507 2689 530 2728 ct
546 2698 604 2736 ecce,
619 2685 700 2730 oderat
731 2683 790 2730 facta
799 2693 833 2730 est
844 2693 868 2731 ut
879 2687 985 2746 sangusz

235 2759 306 2802 equus
322 2746 396 2791 albus:
415 2755 438 2792 et
453 2746 489 2805 qui
506 2745 612 2791 insidebat
626 2747 646 2792 ei
660 2749 699 2792 ha·
766 2752 796 2793 15
813 2749 844 2793 Et
863 2749 938 2794 atellae
954 2749 1009 2794 coeli
1027 2748 1153 2794 ceciderunt
1172 2748 1194 2792 in

235 2810 299 2860 nebat
314 2823 402 2864 arcam3
424 2816 448 2854 et
461 2809 512 2855 data
526 2817 560 2854 est
575 2809 595 2854 ei
610 2824 699 2866 corona,
731 2812 1195 2874 terrainsicutficusabjicitgrossossuos,

235 2881 260 2920 et
269 2872 351 2935 prodiit
361 2871 458 2925 vincens,
469 2878 492 2919 et
503 2881 527 2918 ut
539 2873 643 2919 vinceret
731 2891 799 2936 quum
811 2883 878 2921 vento
889 2891 971 2937 magno
982 2875 1114 2922 concutitur.

267 2941 284 2982 ὅ
301 2936 422 2996 Quumque
430 2938 550 2998 apendaset
557 2937 699 2998 sigiliumae·
766 2942 795 2984 14
813 2938 845 2984 Et
856 2940 942 2985 coelum
959 2939 1063 2986 abaceadt
1074 2937 1195 2984 1111111111

237 3000 341 3052 eundum,
352 2999 425 3045 audivi
437 3002 558 3047 secundum
569 3001 650 3048 animai
665 3002 699 3048 di-
731 3003 769 3063 qui
780 3003 935 3059 convolutum
952 3011 975 3049 et
985 3017 1063 3050 omnes
1074 3009 1162 3048 montes
1172 3009 1196 3048 et

237 3070 296 3117 cena,
309 3063 375 3117 Veni,
386 3070 409 3109 et
420 3063 476 3110 vide.
731 3066 816 3115 insulae
826 3083 839 3112 e
850 3067 895 3112 auis
904 3066 960 3113 locis
970 3073 1057 3112 emotae
1068 3073 1136 3112 sunt:

267 3131 285 3172 4
301 3127 334 3173 Et
344 3127 424 3188 prodiit
434 3127 491 3174 aiiua
502 3141 572 3188 equus
583 3127 658 3175 ntiae:
677 3135 701 3176 et
766 3133 795 3176 15
812 3129 844 3176 Et
856 3146 920 3192 reges
930 3139 1007 3184 terrae,
1019 3136 1042 3176 et
1052 3144 1161 3192 proceres,
1171 3134 1195 3176 et

236 3190 257 3239 ai
277 3191 315 3252 qui
337 3190 444 3237 insidebat
463 3207 529 3252 anper
550 3207 608 3244 eum,
624 3193 700 3239 datum
731 3193 817 3248 diuites,
828 3202 851 3241 et
858 3196 936 3240 tribuni
953 3201 976 3238 et
987 3201 1095 3256 potentet,
1104 3207 1194 3240 omnen·

236 3261 277 3309 est,
300 3262 325 3300 ut
345 3255 409 3300 tollat
423 3269 500 3315 pacem
513 3271 526 3301 e
541 3253 606 3310 terra,
623 3263 648 3301 ut
664 3256 700 3302 aiii
730 3264 832 3317 quatum
849 3257 972 3312 servitum
988 3257 1086 3318 ingenui,
1101 3258 1204 3310 absconu,

236 3319 291 3365 aiios
299 3323 408 3364 mactent:
429 3319 536 3380 datusque
543 3326 577 3365 est
584 3319 604 3365 ei
613 3319 700 3380 gladius
731 3320 811 3366 derunt
828 3335 852 3367 se
870 3324 893 3369 in
911 3321 1027 3383 apeiuacia,
1044 3328 1068 3368 et
1085 3321 1108 3368 in
1127 3321 1194 3384 peu'n

238 3395 339 3442 magnus.
731 3385 859 3441 montium3
933 3389 938 3398 '

269 3450 283 3492 5
302 3445 333 3492 Et
343 3437 412 3505 quain
421 3445 542 3507 aperuisset
550 3444 645 3508 sigillum
654 3453 699 3492 ter·
766 3452 794 3494 16
811 3447 844 3494 Et
854 3448 957 3494 dixerunt
967 3448 1079 3495 montibus
1086 3455 1109 3496 et
1119 3451 1193 3510 pctria,

237 3511 297 3562 uun,
319 3509 392 3555 audivi
414 3509 503 3555 tertium
525 3509 604 3555 animai
618 3510 699 3564 dicent,
733 3508 811 3557 Cadite
822 3511 844 3556 in
856 3526 904 3565 noa,
920 3513 1047 3558 abscondite
1063 3527 1193 3559 noaacon·

238 3571 302 3625 Veni,
314 3580 337 3618 et
347 3573 405 3618 vide.
422 3572 507 3635 depexi
518 3573 592 3634 igitur,
603 3579 627 3619 et
641 3587 698 3625 ecce,
731 3582 807 3634 apectu
823 3576 870 3636 ejua
886 3575 923 3635 qui
940 3575 1021 3622 incidet
1035 3577 1122 3628 throno,
1134 3586 1157 3622 et
1167 3576 1193 3622 ab

236 3651 304 3682 mutis
316 3637 379 3696 niger
393 3638 489 3684 aderat:
507 3643 530 3682 et
543 3637 580 3696 qui
593 3636 700 3683 insidebat
731 3635 763 3684 111
773 3637 836 3698 Agni
849 3654 855 3684 =

238 3702 263 3752 ti,
277 3700 366 3744 babebat
377 3705 481 3746 stateram
492 3699 515 3746 ia
526 3714 593 3745 manu
604 3697 650 3746 sui.
764 3704 792 3747 17
811 3701 871 3747 Nam
882 3701 996 3748 venitdiea
1003 3701 1142 3763 illemagoua
1149 3702 1191 3749 irae

267 3767 281 3806 o·
299 3761 331 3808 Et
342 3761 415 3808 audivi
426 3777 504 3870 vgc⁷e⁸m
518 3763 576 3808 inter
590 3763 628 3809 iiia
643 3778 697 3825 qua·
731 3763 801 3809 iilius:
821 3773 844 3810 et
854 3765 903 3825 quis
913 3766 995 3827 potecit
1004 3765 1083 3813 11111οὲ
