2734 4314
559 381 677 440 LUCA.
701 383 744 432 VI.

165 505 192 538 ac
203 488 323 544 Hiarisaei
335 505 363 536 au
374 489 466 536 sabbato
476 494 592 535 sanaturus
599 503 636 535 es·
702 491 730 534 st
749 488 820 544 Beati.
836 492 873 552 qui
882 495 948 540 'nunc
963 495 1066 552 esuritis;
1082 500 1131 558 qesta

169 560 199 600 set
209 555 282 608 mum,
295 561 320 600 ut
330 555 458 600 msenirent
472 553 635 606 accusationem
669 553 825 600 saturabimini.
859 555 931 612 Beati,
942 558 979 619 qui
992 575 1051 605 nunc
1059 557 1132 618 flatia3

168 616 272 665 uduornic
280 633 341 663 eum.
668 617 720 676 quia
731 618 833 664 ridebitis.

198 685 212 726 8
224 682 258 726 At
266 682 314 743 lpse
323 679 387 727 ndrat
394 679 543 741 cogitationes
550 695 633 734 eorum,
701 684 732 725 22
749 680 814 727 Beati
825 682 891 736 eritis,
909 699 976 744 quum
994 700 1035 730 vos
1046 685 1131 732 oderant

168 751 189 790 et
202 746 257 790 dixit
273 746 358 791 homiui
375 745 406 792 illi
423 744 461 805 qui
479 745 570 789 habebat
586 759 633 791 ma·
667 743 775 798 homines,
787 753 808 791 et
820 747 968 806 separaverint
984 765 1032 800 vos.
1044 757 1066 794 et
1077 765 1132 796 con·

81 813 84 820 ”
168 824 220 854 num
236 809 329 862 aridam,
347 808 426 869 Surge,
439 816 463 852 et
473 808 537 853 adsta
551 807 574 854 iu
586 823 633 854 me·
667 807 740 854 viciati
748 808 901 858 fuerintuubis.
910 819 933 858 et
942 825 1023 858 nomen
1034 823 1130 860 vestrum

168 873 209 919 do.
243 871 287 918 Ille
298 869 353 918 verd
364 887 459 933 surgens
470 871 561 916 adstitit.
668 879 692 916 ut
709 872 791 918 malurn
807 874 931 936 abjecerint,
948 885 1035 937 propter
1051 876 1132 924 Filium

199 942 214 984 9
232 936 299 983 Dixit
315 937 384 998 igitur
397 938 429 981 eis
446 935 521 988 Jesus,
534 933 633 981 Iuterro-
667 934 770 981 bominis.
1026 990 1030 998 ι

168 1002 223 1061 gabo
245 1017 288 1046 vos
309 1000 429 1061 quiddam:
458 997 524 1044 Licet
542 1000 634 1045 sabbatis
700 1002 732 1044 23
750 1000 852 1046 Gaudete
861 1001 897 1046 illo
906 1001 947 1055 die,
955 1003 1063 1060 etsalite;
1080 1019 1131 1053 ecca

169 1064 296 1110 benefacere
315 1079 343 1110 an
362 1062 494 1110 malefacere
510 1063 633 1122 cuipiam?
667 1062 734 1116 enim,
746 1078 831 1109 merces
842 1066 995 1112 vestramulta
1005 1068 1067 1112 estin
1079 1083 1130 1114 cre·

169 1128 280 1174 bemineru
292 1143 380 1174 servare
391 1143 419 1174 an
430 1127 544 1188 perdere?
667 1125 710 1182 lis;
732 1141 784 1172 uam
802 1127 877 1172 itidem
896 1127 1005 1176 faciebant
1021 1132 1132 1192 prophetis

201 1196 232 1238 10
249 1192 283 1238 Et
300 1207 369 1252 quum
388 1207 428 1237 eos
444 1206 523 1236 omnes
538 1191 634 1236 circum·
668 1197 741 1250 patres
752 1206 836 1236 eorum.

168 1257 282 1317 qexisset,
302 1256 333 1301 ait
351 1255 443 1308 bomini,
464 1254 568 1301 Extende
586 1270 634 1300 ma·
701 1257 733 1300 24
750 1254 794 1300 Sed
806 1270 846 1300 vae
863 1255 931 1310 vobis,
944 1255 1062 1305 divitibus!
1081 1274 1130 1306 nam

169 1335 221 1366 num
233 1327 301 1366 tuam.
336 1318 377 1365 llle
388 1325 462 1365 autem
478 1319 509 1364 ita
524 1318 591 1365 fecit:
611 1325 634 1364 et
667 1325 795 1379 perceptum
807 1320 890 1364 habetis
901 1320 1003 1366 solatium
1015 1333 1120 1370 vestrum.

170 1384 269 1430 restituta
279 1391 314 1430 est
324 1399 403 1432 manus
413 1384 461 1444 ejus
470 1397 523 1428 sana
534 1384 591 1429 sieut
601 1383 634 1428 ul·
700 1385 731 1429 25
749 1382 798 1428 Vae
819 1385 888 1438 vobis,
907 1385 945 1444 qui
964 1385 1047 1447 impleti
1062 1387 1129 1435 estis!

169 1462 221 1494 tera.
668 1461 719 1491 narn
730 1448 837 1493 esurietis.
872 1447 921 1493 Vae
930 1449 998 1504 vobis,
1007 1451 1044 1510 qui
1057 1451 1131 1498 ridetis

203 1515 229 1557 ll
250 1508 296 1572 Ipsi
308 1517 381 1558 sutem
398 1510 474 1572 repleti
492 1517 543 1555 sunt
557 1524 633 1556 amen·
667 1509 742 1558 nunc!
761 1527 811 1556 nam
823 1511 925 1572 lugebitis
935 1521 958 1558 et
969 1513 1055 1560 flebitis.

169 1573 213 1626 aa:
229 1582 253 1621 et
263 1575 444 1635 colloquebantur
460 1575 496 1620 alii
512 1590 563 1620 cum
580 1575 627 1620 aliis
700 1578 731 1621 26
748 1574 798 1620 Vae
816 1577 885 1629 vobis,
908 1592 976 1636 quum
995 1579 1051 1625 bene
1068 1581 1130 1627 robis

169 1640 272 1699 quidnam
284 1639 383 1685 facerent
393 1638 457 1686 Jesu.
666 1637 761 1684 dixerint
772 1655 849 1685 omnes
860 1640 974 1688 homines!
993 1657 1044 1687 nam
1056 1643 1130 1689 itidem

203 1707 232 1749 12
249 1701 369 1763 ffFactum
388 1709 423 1749 est
441 1709 514 1749 autem
531 1702 573 1747 illrs
587 1702 634 1748 die·
665 1701 774 1749 faciebant
789 1704 986 1764 pseudoprophetis
1001 1715 1074 1766 patres
1090 1723 1129 1752 eo·

169 1768 214 1817 bus.
227 1768 279 1814 abiit
293 1767 316 1812 in
332 1773 432 1812 montem
449 1767 477 1813 ad
492 1767 632 1827 precandum,
666 1781 723 1811 rum.

169 1843 192 1876 et
201 1831 339 1892 pernoctavit
350 1829 399 1877 illic
410 1831 434 1876 in
444 1831 570 1892 precatione
579 1829 632 1876 Dei.
699 1834 729 1876 27
748 1829 792 1875 Sed
803 1831 865 1875 vobis
876 1831 925 1876 dico
936 1831 973 1890 qui
986 1833 1071 1885 auditis,
1085 1833 1130 1878 Di·

203 1899 233 1940 15
250 1894 282 1941 Et
292 1910 360 1955 quum
377 1895 424 1940 dies
441 1901 502 1942 ortus
512 1901 581 1948 essct,
593 1895 632 1940 ad·
665 1893 729 1954 ligite
744 1893 845 1939 inimicos
857 1902 958 1950 vestros;
974 1895 1094 1942 benefacite
1106 1898 1130 1943 iis

170 1958 257 2005 vocavit
273 1959 391 2020 discipulos
407 1973 473 2005 suos:
493 1965 515 2004 et
526 1973 594 2018 quum
605 1973 634 2004 ex
666 1958 703 2018 qui
716 1971 756 2002 vos
768 1957 877 2013 oderunt;

170 2023 222 2084 ipsis
238 2023 342 2084 elegisset
357 2023 481 2078 duodecim¹
498 2037 553 2082 quos
569 2029 592 2067 et
608 2037 632 2068 a·
700 2024 730 2066 28
748 2019 876 2068 Benedicite
884 2021 911 2067 iis
919 2022 955 2082 qui
965 2022 1076 2070 devovent
1084 2041 1129 2079 vos,

170 2087 268 2148 postolos
279 2087 417 2133 nominavit:
666 2092 689 2132 et
699 2085 819 2148 precamini
829 2101 870 2146 pro
881 2086 907 2131 iis
918 2086 955 2146 qui
966 2087 1070 2134 infestant
1083 2105 1129 2135 vos.

203 2155 235 2197 14
250 2153 340 2210 Nempe
351 2151 466 2197 Simonem
479 2149 555 2214 (quem
567 2150 632 2196 etiam
700 2155 731 2198 29
747 2149 780 2196 Et
790 2149 827 2209 qui
838 2151 876 2196 tibi
885 2151 1000 2198 caeciderit
1011 2154 1128 2204 maxillam.

170 2215 292 2261 nominavit
304 2213 417 2274 Petrum),
429 2223 452 2260 et
464 2214 576 2260 Andrean
588 2214 632 2259 fra·
666 2215 745 2274 praebe
755 2221 777 2260 et
789 2213 896 2270 aiteram3
913 2222 936 2261 et
950 2217 1014 2262 abeo
1025 2217 1062 2276 qui
1075 2219 1130 2263 tollit

170 2286 225 2325 trem
236 2280 290 2341 ejus,
301 2278 410 2326 Jacobum
422 2283 445 2324 et
452 2277 570 2332 loannem,
580 2277 634 2324 Phi·
667 2279 704 2322 tibi
716 2277 888 2338 palliumetiam
899 2280 995 2325 tunicam
1011 2295 1039 2325 ue
1054 2283 1129 2342 probi·

170 2343 252 2404 lippum
263 2350 286 2389 et
297 2342 500 2396 Bartholomaeum,
667 2342 726 2387 beto.

204 2409 234 2455 15
251 2406 391 2453 Matthaeum
403 2413 426 2452 et
437 2403 632 2458 Thomam‚Jaco·
699 2409 732 2450 50
749 2401 834 2456 Cuivis,
852 2410 932 2458 autem,
951 2406 1034 2466 petenti
1052 2408 1090 2453 abs
1108 2416 1130 2454 te

86 2483 95 2491 “
170 2470 222 2516 bum
231 2471 453 2535 Alpbaeifilium‚et
466 2470 579 2516 Simonem
596 2471 632 2530 qut
667 2469 735 2522 daet
746 2469 773 2514 ab
783 2483 811 2514 eo
821 2467 858 2528 qui
870 2468 926 2513 tollit
941 2485 977 2515 res
993 2477 1042 2515 tuas
1055 2487 1129 2518 nere-
1165 2492 1168 2501 ·

171 2535 369 2587 vocaturZelotes,
666 2533 743 2595 petito.
812 2569 814 2572 .

204 2601 233 2645 16
248 2597 330 2646 ludam
346 2598 424 2646 Jacobi
434 2596 544 2658 fratrem,
556 2603 579 2642 et
590 2596 606 2645 J
608 2613 632 2642 u·
698 2601 728 2643 31
747 2595 780 2643 Et
790 2602 856 2659 prout
866 2597 933 2643 vultis
940 2603 964 2643 ut
975 2597 1056 2644 faciant
1067 2601 1129 2646 vobis

171 2661 219 2708 dam
232 2660 361 2709 iscariotem
375 2663 422 2724 (qui
440 2662 506 2708 etiam
522 2662 564 2708 fuit
580 2677 632 2722 pro·
666 2661 773 2717 homines,
791 2677 831 2708 vos
846 2662 911 2708 etism
927 2662 992 2710 facite
1006 2663 1038 2710 eis
1053 2665 1129 2711 similt-

172 2726 246 2780 ditor,
619 2731 622 2738 ‘
666 2733 707 2772 ter.

204 2724 239 2838 17)
249 2789 282 2837 Et
299 2789 435 2836 descendens
455 2805 506 2835 cum
522 2789 561 2844 eis,
580 2789 631 2835 sub·
698 2794 730 2836 ³2
747 2786 815 2846 Quod
826 2789 843 2836 si
855 2791 944 2854 diligitis
955 2792 1038 2854 eosqui
1049 2795 1129 2840 vosdi·

172 2854 224 2900 stitit
234 2855 258 2900 in
271 2854 321 2900 loco
333 2853 457 2914 campestri,
470 2855 576 2914 turbaque
587 2854 632 2899 dis·
665 2851 745 2916 ligant,
761 2870 817 2916 quae
832 2857 895 2901 vobis
911 2857 953 2902 erit
969 2857 1059 2918 gratia?
1079 2873 1130 2904 nam
1171 2885 1178 2903 .

172 2917 291 2979 cipulorum
308 2919 363 2978 ejus,
380 2925 403 2963 et
419 2918 536 2964 multitudo
552 2932 635 2978 magns
666 2924 689 2964 et
706 2927 833 2981 peccatores
852 2919 946 2980 diligunt
964 2937 1002 2966 eos
1020 2936 1033 2967 a
1051 2922 1130 2981 quibus

171 2982 237 3042 plebis
248 2997 277 3028 ex
288 2979 335 3027 tott
346 2979 437 3034 Judaet,
449 2990 472 3026 et
484 2981 633 3036 Hierusalem,
666 2981 794 3044 diliguntur.

171 3053 193 3090 et
203 3043 332 3092 amaritimi
341 3047 433 3106 regione
440 3045 496 3106 Tyri
506 3053 528 3092 et
538 3045 633 3098 Sidonis,
698 3051 731 3092 35
748 3045 780 3091 Et
791 3045 808 3090 si
819 3045 970 3091 benefeceritis
982 3047 1008 3090 iis
1019 3047 1055 3104 qui
1067 3047 1129 3093 vobis

171 3109 206 3168 qui
217 3115 325 3156 venerant
341 3117 367 3155 ut
381 3110 481 3156 audirent
495 3125 553 3164 eum,
565 3117 587 3154 et
599 3124 633 3154 sa-
665 3109 812 3161 benefaciunt,
831 3122 887 3166 quae
905 3109 966 3153 vobis
984 3108 1025 3153 erit
1041 3111 1130 3169 gratia?

172 3181 275 3219 narentur
286 3189 299 3219 a
309 3173 392 3219 morbis
403 3174 464 3219 suis:
667 3187 719 3219 nem
730 3177 753 3217 et
763 3177 890 3232 monteses
900 3171 958 3216 idem
969 3169 1058 3217 fuciunt.

204 3239 233 3282 18
251 3236 283 3282 Et
294 3237 332 3297 qui
341 3236 635 3298 torquebanturaspiritibus
699 3240 731 3281 54
748 3233 781 3280 Et
798 3234 815 3279 si
835 3240 936 3279 mutuum
956 3235 1058 3281 dederitis
1076 3237 1103 3283 irs
1118 3252 1131 3288 ι

172 3299 277 3361 impuris:
296 3307 320 3347 et
330 3302 468 3348 sanabantur.
666 3301 745 3360 qsribus
761 3299 852 3360 speratis
868 3313 910 3344 vos
926 3305 1059 3360 recepturos,
1075 3316 1130 3362 qun

205 3367 234 3411 19
256 3364 289 3410 Et
310 3371 358 3411 tota
379 3366 441 3411 turba
462 3364 563 3410 studebat
584 3377 634 3408 euru
666 3365 739 3426 gratia
754 3364 796 3410 erit
811 3362 890 3408 vobis?
906 3378 958 3408 nam
969 3369 993 3408 et
1004 3374 1131 3424 peccatores

173 3437 277 3489 taugeret
296 3429 348 3488 quia
364 3428 434 3475 virtus
450 3428 477 3474 ab
487 3444 514 3474 eo
528 3428 633 3488 prodibat,
666 3428 817 3490 peccatoribus
828 3427 881 3473 daut
896 3433 1004 3480 mutuum,
1017 3436 1041 3472 ut
1052 3430 1130 3491 recipi-

174 3501 195 3536 et
203 3493 293 3538 mnalrat
304 3507 388 3538 omnes.
667 3500 706 3538 ant
717 3493 783 3552 paria

204 3558 236 3602 20
253 3553 305 3616 lpse
322 3553 375 3601 verd
394 3555 483 3602 sublatis
501 3555 570 3600 oculis
590 3555 634 3599 suis
699 3559 731 3603 35
749 3553 799 3600 Iano
808 3554 892 3615 diligite
900 3553 1000 3601 inimicos
1010 3566 1131 3612 vestros,et

33 3639 35 3648 =
110 3657 114 3664 .
174 3621 194 3667 in
217 3619 341 3680 discipulos,
364 3619 454 3672 dicebat,
483 3618 547 3665 Beati
575 3619 634 3670 estis,
667 3621 698 3666 τῖε
707 3618 834 3671 benefacite,
851 3625 874 3664 et
889 3628 990 3665 mutuum
1007 3621 1065 3676 dare,
1078 3624 1130 3670 nibil

175 3697 279 3744 pauperes
287 3699 295 3740 ;
311 3683 363 3744 quia
377 3683 476 3730 vestrdm
491 3691 525 3729 est
540 3697 633 3743 regnum
667 3684 719 3729 tnue
730 3689 856 3743 sperantess
875 3684 949 3729 eterit
963 3700 1047 3732 merces
1058 3695 1130 3733 vestra

214 3747 218 3758 '
391 3799 440 3851 '⁷¹
667 3747 743 3804 urulra,
763 3761 788 3793 ac
804 3745 841 3792 filii
858 3747 919 3794 eritis
936 3749 992 3796 illius
1010 3749 1129 3797 altissim·
