2734 4314
480 377 702 432 MATPHAEUS.
728 377 814 426 XXll.

163 483 248 542 quidem
266 497 355 547 paratae
372 495 434 539 suut,
449 485 489 532 scal
506 487 543 547 qul
559 487 631 532 vocati
658 486 710 548 jure
720 500 812 532 uxorem
825 487 879 548 ejus,
895 494 918 532 et
934 487 1045 532 suscitabit
1061 502 1114 534 som

165 549 248 594 lucrant
259 557 305 596 riou
317 561 381 596 eraut
390 551 454 610 digni
467 567 474 596 ι
664 549 706 595 lem
717 549 779 596 fratri
791 566 839 596 suo.

195 618 210 660 9
228 613 263 659 110
274 629 330 674 ergo
342 614 369 660 ad
381 617 484 674 compita
496 615 592 668 viarum
609 623 632 660 et
696 617 727 659 25
746 613 847 660 Fuerunt'
856 621 929 660 autern
946 613 1004 675 apud
1020 629 1061 659 nos
1075 629 1120 675 sep

166 686 305 738 quotcunque
314 679 441 730 invenictis,
452 677 565 724 vocatead
575 693 631 739 nup·
664 687 708 722 tem
725 677 819 724 tratres:
839 688 861 724 et
878 679 961 739 primus
978 692 1048 725 uxore
1061 675 1124 724 ducti

167 753 213 786 tras.
482 771 485 774 -
664 742 734 796 obiit3
750 751 773 788 et
790 758 858 802 qnuru
877 757 921 787 non
938 742 1027 788 haberet
1042 757 1124 795 senten,

201 808 229 850 10
251 803 284 850 Ε1
301 806 386 865 egressi
409 805 469 852 serui
487 804 517 850 illi
537 804 559 850 in
578 805 632 859 vias,
664 805 751 864 reliquit
762 821 855 851 uxorem
867 821 929 852 suam
940 805 1001 852 fratri
1013 821 1069 851 suo:

167 867 333 930 congregzirunt
357 884 437 915 omnes
463 883 519 928 quos
540 869 632 914 invene·
696 873 727 915 26
745 869 850 916 Similiter
858 870 924 915 etiarn
932 869 1073 916 secunduset
1081 878 1123 916 ter-

170 943 224 982 trust¹
236 933 307 978 malos
318 933 400 994 pariter
410 948 438 978 ac
452 933 538 980 1100001
556 941 579 980 01
589 933 631 978 im·
664 933 714 986 tius,
726 949 796 993 usque
806 934 834 980 sd
845 933 895 979 illos
906 941 1004 993 septem:

169 996 238 1056 pletas
249 1005 301 1042 suut
312 997 402 1057 nuptiae
413 996 523 1042 convivis.
697 1001 727 1042 27
746 997 802 1043 Post
813 1012 891 1043 omues
902 1005 975 1043 autern
992 1006 1080 1044 mortua
1093 1005 1126 1044 est

203 1063 228 1104 11
249 1058 369 1121 Ingressus
380 1066 456 1106 autem
464 1073 502 1104 rex
512 1067 535 1106 ut
547 1067 632 1121 specta·
664 1068 686 1106 et
697 1060 783 1106 mulier.

168 1133 202 1169 cet
212 1126 325 1178 convivas,
337 1125 392 1170 vidit
408 1124 453 1170 illlc
463 1124 576 1184 ‘quendam
588 1139 632 1170 non
697 1128 728 1170 28
746 1122 774 1172 ln
786 1123 946 1170 resurrectione
960 1139 1016 1184 ergo
1027 1125 1089 1186 cujus
1099 1137 1125 1172 et

169 1187 270 1234 istdutum
284 1197 345 1234 veste
356 1188 466 1249 nuptiali:
664 1187 708 1234 illis
724 1196 809 1252 septem
826 1188 868 1234 erit
884 1185 958 1233 uxori
975 1203 1053 1234 omnes
1069 1189 1127 1234 enin.

205 1255 233 1296 12
250 1251 315 1298 Tunc
327 1251 379 1298 dicit
389 1253 418 1305 ei,
428 1251 515 1305 Amice,
522 1251 633 1312 quomodo
665 1253 788 1298 habuerunt
799 1267 855 1298 earn

170 1315 213 1361 luc
223 1315 319 1375 introisti
331 1331 376 1362 nou
387 1317 471 1362 liabens
481 1323 564 1361 vestem
576 1331 633 1378 nup-
698 1320 729 1363 29
746 1315 894 1378 Respondeas
905 1323 978 1362 autem
996 1314 1063 1363 Jesus
1074 1317 1127 1362 dixit

171 1379 261 1426 statem?
279 1379 312 1425 At
323 1380 353 1425 illi
365 1395 391 1425 os
402 1379 517 1425 occlusum
528 1389 569 1426 est.
665 1379 703 1434 eis,
717 1379 809 1434 Erratis,
821 1396 893 1440 nerpre
904 1382 1023 1442 scripturas
1034 1381 1126 1427 scienter

205 1447 235 1488 15
250 1443 316 1490 Tunc
327 1445 380 1490 dicit
391 1458 431 1489 rex
442 1443 555 1497 ministris,
564 1441 634 1504 Liga-
666 1460 737 1504 neque
747 1445 868 1506 potentiam
882 1443 934 1490 Del.

172 1509 199 1552 tis
219 1507 311 1568 pedibus
329 1517 351 1554 et
373 1507 475 1553 uranibus
492 1508 546 1569 ejus,
565 1507 635 1554 tollite
698 1513 730 1554 50
748 1508 807 1554 Nam
830 1510 852 1554 in
875 1509 1035 1555 resurrectione
1057 1524 1127 1568 neque

171 1586 227 1624 eum,
244 1578 268 1616 et
283 1572 354 1632 ejicite
370 1572 393 1616 in
411 1571 512 1618 tenebras
523 1571 632 1618 extimas:
667 1587 747 1634 utrores
764 1573 854 1625 ducunt,
872 1588 944 1632 neque
963 1583 1056 1646 nuptum
1073 1573 1127 1618 slau-

173 1635 214 1680 11110
224 1635 266 1681 en't
277 1635 341 1681 fletus
352 1645 375 1682 et
386 1635 469 1681 stridor
480 1635 586 1681 dentium.
667 1647 708 1688 tur,
721 1637 759 1683 sed
770 1645 822 1683 sunt
833 1646 857 1682 ut
868 1637 940 1697 angeli
954 1635 999 1682 Der
1011 1637 1034 1682 in
1045 1637 1114 1682 coelo.

205 1701 233 1742 14
250 1699 318 1744 Multi
330 1700 388 1745 enirn
407 1707 461 1744 suut
476 1699 555 1754 vocati,
570 1699 633 1764 pauci
697 1705 726 1746 51
746 1699 785 1747 De
797 1701 957 1746 resurrectione
963 1697 1017 1746 verd
1028 1709 1127 1746 mortuo-

173 1759 225 1808 10ιό
235 1763 305 1809 electi.
667 1779 722 1818 nrm,
734 1779 779 1810 non
796 1764 882 1826 lqristis
896 1763 956 1824 quod
972 1764 1035 1810 vobis
1046 1764 1128 1810 dictum

206 1829 234 1873 15
251 1825 342 1888 {Tunc
353 1826 448 1889 proiecti
460 1825 569 1874 Pharisaei
578 1843 633 1874 con·
665 1835 700 1874 est
711 1843 724 1874 a
735 1827 795 1880 Deo,
807 1827 900 1880 dicente,

173 1891 244 1936 silium
255 1901 366 1952 ceperunt,
385 1901 410 1938 ut
426 1891 568 1952 illaquearent
583 1907 634 1938 eum
698 1895 731 1937 52
748 1891 802 1952 Ego
818 1907 867 1938 sum
885 1890 951 1936 Deus
968 1889 1096 1943 Abralrami,
1107 1901 1131 1937 et
1177 1899 1181 1909 ¹

173 1954 312 2002 insennone.
667 1954 733 2002 Deus
745 1953 823 2009 Issaei,
835 1961 858 2000 et
875 1953 940 1999 Deus
951 1951 1048 2000 Jacobi?
1066 1953 1131 2001 Deus

206 2023 234 2065 16
254 2017 332 2080 Itaque
347 2018 441 2066 mittunt
457 2019 485 2065 ad
499 2034 550 2066 eum
567 2019 634 2066 disci·
667 2035 712 2066 non
724 2027 758 2066 est
770 2019 835 2066 Deus
846 2027 992 2073 mortuorum,
1004 2017 1129 2064 0011νί1οη-

173 2083 234 2144 polos
245 2099 295 2130 suos
306 2100 357 2131 curu
371 2083 515 2139 Herodianis,
530 2084 635 2140 dicentes,
667 2084 729 2131 tium.

175 2145 311 2208 Praeceptor,
323 2149 406 2194 scimus
424 2155 447 2193 te
463 2162 563 2194 veracem
578 2163 635 2203 esse,
699 2153 731 2194 55
748 2147 780 2195 Et
799 2163 867 2209 quurn
885 2149 926 2194 icoc
945 2147 1042 2194 audisset
1061 2149 1143 2201 turia,

173 2219 195 2256 et
209 2213 267 2257 riam
284 2211 330 2258 Dei
347 2213 370 2258 in
387 2212 482 2263 s'eritate
497 2212 582 2266 docere,
594 2227 636 2260 nec
666 2212 767 2274 perculsa
776 2221 812 2258 est
823 2228 888 2272 super
899 2208 999 2256 doctrirui
1010 2211 1085 2272 ipsius.

173 2276 294 2336 quempiam
305 2291 400 2331 crrrare;
417 2291 464 2320 non
475 2277 534 2322 enim
546 2276 635 2338 respicis
699 2280 732 2321 54
751 2280 765 2335 1
780 2275 891 2322 Pharisaei
914 2271 969 2320 uerd
989 2289 1057 2334 quum
1079 2286 1130 2320 esuris

173 2339 468 2400 sdpersonamhorninum:
667 2341 780 2386 audissent
801 2354 827 2384 os
849 2339 967 2383 occlusisse
992 2338 1130 2391 Sartducacis,

208 2406 235 2449 17
253 2403 298 2449 1)10
309 2420 364 2465 ergo
376 2403 447 2457 nobis,
458 2401 519 2456 Quid
528 2403 635 2450 111110110-
667 2404 738 2452 coacti
750 2409 802 2448 sunt
812 2403 834 2447 in
847 2417 924 2446 unurn.

174 2466 227 2512 tur?
244 2467 294 2514 licet
312 2483 405 2515 censum
422 2467 475 2514 dare
493 2467 590 2523 Caesari,
607 2483 635 2514 aa
699 2471 732 2514 55
749 2466 815 2512 Τιιηο
826 2463 973 2526 interrogavit
983 2463 1129 2523 euntquidanr

174 2531 237 2576 ¹¹0ss?
667 2547 696 2578 ex
707 2531 760 2594 ipsis
771 2531 827 2594 legis
843 2531 957 2591 interpres,
975 2535 1063 2574 tentans
1074 2543 1130 2583 eum,

206 2599 236 2640 18
255 2592 354 2657 Cogniti
372 2602 448 2642 autern
467 2595 534 2644 Jesus
553 2593 637 2642 moltis
667 2604 691 2643 01
702 2596 784 2650 dicens,

175 2673 248 2704 sorum
264 2661 301 2715 ait,
319 2660 382 2715 Quid
399 2675 435 2706 rue
452 2661 548 2714 tentatis,
564 2661 635 2721 lippo·
700 2665 732 2707 56
750 2659 890 2721 Praeceptor,
903 2657 974 2712 Quod
988 2657 1130 2704 0010100110-

174 2723 258 2768 aritae?
669 2731 715 2769 tum
729 2739 835 2786 magnum
846 2724 870 2770 in
881 2722 950 2785 lege?

206 2791 236 2834 19
253 2787 369 2835 Ostendite
385 2787 438 2834 mihi
457 2788 566 2834 numisma
582 2803 635 2833 con·
700 2792 731 2835 57
748 2787 815 2836 Jesus
831 2796 905 2834 autem
923 2785 979 2832 dixit
994 2784 1022 2838 ei,
1041 2784 1131 2845 Diliges

175 2849 218 2896 aris.
252 2849 298 2914 Ipsi
314 2850 368 2900 verd
384 2852 513 2899 obtulerunt
529 2853 548 2897 ei
567 2852 635 2898 deua-
669 2851 794 2899 Dominum
807 2851 883 2898 Deum
891 2860 954 2896 tuum
965 2865 994 2897 ex
1005 2856 1053 2895 toto
1064 2855 1132 2894 corde

175 2914 236 2961 flum-
667 2924 713 2971 tuo,
725 2925 748 2963 et
758 2932 787 2964 ex
798 2915 845 2962 totis
861 2914 935 2962 animi
951 2911 995 2968 tuit,
1012 2920 1036 2959 ct
1045 2927 1075 2958 ex
1085 2909 1131 2957 toti

206 2983 237 3025 20
252 2980 317 3027 Tunc
328 2981 381 3027 dicit
392 2980 431 3036 eis,
441 2977 511 3042 Cujus
519 2987 553 3026 est
563 2980 636 3042 inrogo
667 2981 802 3042 cogitatione
813 2977 858 3026 tuit.

175 3043 216 3088 ista
225 3051 247 3089 et
258 3044 391 3106 inscriptio?
699 3049 731 3090 58
749 3043 813 3091 lstud
824 3049 859 3089 est
874 3042 970 3102 priorum
987 3046 1010 3084 et
1026 3052 1132 3099 magnum
1204 3081 1208 3090 ,

207 3111 233 3152 21
253 3107 340 3154 Dicunt
351 3109 379 3164 ei,
388 3106 498 3156 Caesaris.
524 3107 590 3153 Tunc
601 3107 634 3152 di·
668 3109 804 3154 mandatum.

175 3171 251 3224 111010,
263 3171 360 3219 Reddite
370 3188 426 3234 ergo
442 3187 499 3233 quae
512 3170 635 3218 suntCae·
705 3174 738 3217 59
761 3167 889 3215 Secundum
910 3172 985 3211 autern
1007 3164 1077 3210 simile
1098 3172 1132 3212 est

176 3237 227 3282 raris
239 3233 335 3291 Caesari,
347 3244 371 3282 01
381 3252 438 3297 quae
448 3245 501 3283 sunt
512 3233 558 3282 Dei
571 3233 631 3281 Deo.
668 3234 726 3288 huic,
736 3233 827 3295 Diliges
837 3231 963 3293 proximum
973 3237 1034 3274 tuum
1044 3236 1068 3273 ut
1077 3229 1148 3290 :eip-'

206 3304 236 3346 2¹²2
252 3300 330 3354 Quum
341 3301 411 3362 igitur
418 3302 460 3346 doc
466 3300 585 3353 audissent,
593 3300 635 3344 rui-
669 3313 726 3346 sum.

176 3368 213 3409 rati
225 3372 290 3420 sunt;
307 3372 331 3412 et
342 3364 425 3411 omisso
436 3381 464 3410 eo
475 3364 582 3410 abierunt.
701 3367 733 3409 40
750 3360 845 3410 abistis
861 3359 946 3405 duobus
962 3355 1070 3402 mandatis
1087 3363 1132 3404 tots

206 3431 237 3474 25
253 3432 268 3489 ἵ
278 3427 306 3475 In
313 3429 352 3475 illo
363 3429 398 3474 die
409 3429 510 3476 adierunt
518 3442 570 3473 eurn
581 3427 636 3472 Sod-
669 3427 705 3472 lex
716 3434 739 3473 et
749 3426 869 3487 prophetae
880 3423 983 3483 pendent.
1065 3483 1069 3494 .

176 3489 254 3548 duraci,
266 3494 302 3554 qui
314 3494 392 3539 dicunt
407 3508 453 3540 uon
464 3507 513 3538 esse
525 3505 636 3538 resurrec·
701 3495 731 3536 41
750 3493 767 3551 1
778 3487 868 3536 Coactis
877 3493 950 3532 autern
959 3483 1132 3538 l’harisuers,in-

175 3555 270 3613 donem
286 3564 307 3604 et
320 3553 488 3618 interrogirunt
498 3570 557 3608 eum,
670 3553 792 3616 terrogavit
802 3567 841 3598 eos
852 3549 927 3603 Jesus,

205 3625 237 3666 24
253 3620 371 3674 Dicen'tes,
395 3620 537 3680 Praeceptor,
559 3617 638 3665 Moses
702 3623 734 3663 42
751 3616 844 3668 Dicens,
858 3614 920 3667 Quid
931 3613 993 3658 uobis
1009 3611 1132 3659 uideturda

176 3682 234 3738 duxit,
247 3683 270 3732 Si
282 3685 333 3746 quis
344 3692 445 3731 mortuus
461 3683 528 3730 suerit
542 3697 587 3727 non
598 3683 637 3728 lra-
672 3681 764 3728 Christo
780 3677 838 3724 illo?
857 3680 919 3740 cujus
938 3677 995 3724 iilius
1014 3675 1067 3723 cst?
1088 3673 1130 3720 Dr·

175 3751 226 3795 tens
237 3749 300 3804 filios,
312 3749 361 3810 ejus
371 3747 439 3796 irater
450 3748 516 3793 ducet
527 3746 639 3792 adfinitatis
671 3753 724 3792 cum
732 3759 762 3798 ct,
776 3743 877 3791 Doridis.

380 3818 410 3858 ‘27
