2720 4312
561 377 666 426 PAULI
683 376 851 426 EPISTULA

1113 434 1123 456 ἵ

256 492 272 534 2
289 486 378 547 Quique
389 501 476 532 mecum
489 496 541 532 sum
552 499 630 531 omnes
639 483 684 530 fra·
717 498 756 529 eos
767 482 804 543 qui
815 489 866 530 ante
874 497 910 528 me
911 479 1012 544 ficerunt
1018 481 1128 543 apostolia
1144 481 1183 530 aad

226 562 275 606 tres,
286 550 384 598 ecclesiIa
396 549 516 604 Galatiae3
718 547 759 592 abii
781 547 804 592 in
822 546 933 600 Arabiam,
949 561 974 592 ec
992 544 1065 594 denud
1081 561 1186 596 rerem!

256 620 272 660 3
289 615 368 661 Gratia
382 613 445 658 vobis
460 620 483 659 et
499 627 566 672 pexa
578 609 630 656 Deo
642 609 687 657 Pa·
719 625 767 656 aum
784 608 935 656 Damascum?

226 687 264 732 tre,
277 685 299 724 et
310 677 411 723 Domino
423 683 499 721 nostro
511 675 566 724 Jesu
580 672 676 728 Christo,
755 677 782 718 18
800 673 889 720 Deinde
901 673 969 718 tribus
983 679 1034 734 post
1049 673 1114 720 anule
1130 673 1186 721 redii

257 746 273 786 4
290 740 336 794 Qui
347 741 406 786 dedit
422 740 564 798 semetipsum
581 754 620 799 pro
635 754 687 798 pec·
722 737 910 797 Hierosolymam,
922 745 947 782 ut
963 737 1057 782 viserem
1074 735 1185 794 Petrum;

226 806 279 852 eatis
290 805 378 857 nostris,
386 809 412 848 ut
419 803 525 848 eximeret
534 818 574 848 nos
586 817 614 846 ex
625 817 687 862 prse-
719 809 742 847 et
754 802 861 861 permansi
874 801 931 861 apud
939 815 989 846 eum
999 801 1045 845 dies
1053 801 1186 860 quindecim.

226 869 282 916 senti
299 867 373 913 seculo
388 867 453 919 malo,
468 864 588 912 secunddm
610 867 688 911 volun·
755 869 784 911 19
802 865 877 910 Alium
889 872 962 910 autem
974 879 1002 909 es
1018 864 1122 924 apostolis
1139 879 1186 912 nnn

226 939 293 980 tatem
306 931 351 976 Dei
363 937 385 976 et
397 930 470 976 Patris
482 929 563 975 nostri:
720 929 764 974 vidi
784 943 923 988 quemquam,
945 928 986 974 nisi
1009 926 1116 974 Jacobum
1138 928 1186 974 fra·

258 999 273 1043 ⁵
292 993 335 1044 Cui
346 997 375 1041 sit
387 995 459 1055 gloria
474 994 497 1040 in
514 993 588 1040 secula
604 992 688 1038 seculo·
721 999 777 1038 trem
790 991 890 1038 Domini.

227 1075 282 1108 tum-
317 1060 399 1105 Amen.
754 1060 785 1102 20
802 1055 830 1102 ln
841 1056 868 1100 iis
879 1052 944 1116 porrd
955 1069 1011 1114 quae
1027 1054 1098 1100 scribo
1115 1054 1186 1108 vobis,

260 1129 275 1169 6
292 1121 366 1170 Miror
385 1137 426 1168 vos
444 1121 475 1168 ita
490 1117 541 1173 citri,
560 1121 646 1166 deserto
663 1136 690 1164 eo
720 1135 778 1173 ecce,
792 1120 877 1182 (coram
890 1119 943 1164 Deo
953 1115 1044 1179 loquor)
1060 1133 1104 1164 non
1120 1119 1193 1164 meai

228 1188 264 1248 qui
282 1186 370 1233 vocavit
388 1202 429 1232 vos
446 1186 468 1231 iu
485 1185 579 1246 gratiam
601 1183 690 1237 Christi,
722 1183 771 1229 tior.

228 1251 339 1297 transferri
351 1250 373 1295 in
384 1249 443 1295 aliud
453 1249 607 1308 evangeliumr
754 1251 781 1292 al
801 1245 892 1292 Deinde
902 1245 954 1292 veni
965 1244 987 1291 in
997 1245 1098 1306 regiones
1108 1244 1187 1306 Syriae

260 1317 274 1361 7
293 1313 361 1367 Quod
376 1328 421 1358 non
436 1320 470 1358 est
487 1313 561 1367 aliud3
578 1312 617 1357 sed
633 1326 690 1356 non·
721 1319 745 1357 et
757 1309 854 1358 Ciliciae.

229 1378 282 1424 nulli
294 1393 334 1422 vos
346 1378 439 1424 turbant
451 1384 474 1421 et
488 1377 565 1422 volunt
581 1376 691 1421 invertere
755 1379 786 1420 22
803 1374 872 1420 Eram
884 1379 957 1419 autem
968 1373 1058 1434 ignotus
1077 1371 1133 1418 facie
1148 1387 1175 1418 ec

228 1441 367 1500 evangelium
381 1438 473 1486 Christi.
722 1439 794 1484 clesiis
803 1438 906 1490 Judaeae,
916 1453 972 1498 quae
981 1445 1047 1482 eram
1055 1435 1078 1482 iu
1088 1434 1181 1483 Christo

261 1508 275 1547 8
287 1503 338 1548 -Sed
348 1503 413 1548 etiam
431 1503 448 1547 si
467 1517 513 1553 uos,
525 1509 563 1546 aut
575 1501 667 1562 angelus
678 1517 691 1546 e
755 1507 786 1548 23
804 1502 848 1547 Sed
857 1499 929 1556 soldm
941 1501 1054 1546 audierant
1064 1501 1106 1560 qnt'
1120 1501 1186 1546 ἀίοι-

228 1566 297 1620 coclo,
320 1566 461 1626 evangelizet
481 1565 544 1610 vobis
561 1574 647 1624 praeter
667 1567 691 1610 id
723 1575 780 1619 rent,
794 1565 840 1618 Qui
857 1566 1026 1625 persequebatur
1037 1579 1077 1610 nos
1088 1563 1189 1624 aliquan·

228 1631 286 1690 quod
299 1629 360 1675 vobis
376 1628 587 1690 evangelizavimus,
599 1630 690 1674 anatlie-
723 1631 760 1682 do,
786 1645 845 1674 nunc
872 1628 1013 1689 evangelizat
1034 1627 1100 1674 fidem
1121 1641 1189 1688 quam

229 1709 266 1740 ma
275 1700 330 1740 esto.
724 1694 776 1739 olim
789 1694 899 1738 vastabat:
1051 1727 1054 1735 .
1201 1722 1210 1728 ,

262 1762 277 1806 9
300 1756 334 1804 Ut
353 1751 405 1803 ante
424 1755 526 1808 diximus,
545 1756 611 1802 etiarn
633 1771 692 1801 runc
756 1761 786 1802 24
806 1756 836 1802 Et
847 1755 996 1816 glorificatam
1010 1754 1085 1802 Deum
1097 1754 1124 1802 de
1135 1769 1173 1801 me
1223 1760 1229 1766 '

229 1821 310 1868 iterum
320 1821 376 1874 dico,
389 1820 463 1880 Siquis
474 1819 535 1865 vobis
548 1820 691 1881 evangeliza·
809 1867 810 1870 ,

230 1886 292 1938 verit,
303 1891 390 1946 praeter
400 1887 425 1930 id
435 1885 494 1944 quod
505 1885 624 1944 accepistis,
639 1899 692 1930 ana·
891 1881 965 1930 CAP.
990 1880 1023 1928 11.

230 1950 304 1994 thema
314 1957 369 1994 esto.
794 1945 905 1992 lllNDE
916 1947 1035 2006 interjectis
1051 1945 1116 1991 annis
1132 1959 1191 2006 qua·

264 2015 294 2058 10
311 2012 379 2057 Nunc
389 2011 448 2056 enim
460 2019 537 2056 utrum
554 2011 648 2055 humana
665 2025 692 2055 an
803 2011 930 2062 mordenda,
939 2025 1025 2056 rursum
1033 2009 1120 2055 ascendi
1129 2009 1191 2054 Hie·

229 2076 304 2120 divina
315 2074 411 2120 suadeo?
428 2082 465 2118 aut
476 2089 557 2132 quaero
571 2075 694 2119 hominibus
725 2074 857 2132 rosolymam
866 2071 965 2118 unacum
974 2073 1080 2120 Bernaba
1087 2087 1191 2134 assump-

230 2138 330 2199 placere?
342 2137 563 2182 Enimverosiadhuc
571 2138 693 2182 hominibus
725 2147 748 2184 to
760 2138 823 2182 simul
835 2147 858 2182 et
869 2136 929 2183 Tito.

146 2249 149 2256 ,
230 2203 345 2262 placerem,
359 2200 442 2248 Christi
454 2215 530 2246 servus
542 2215 585 2245 nnn
598 2217 675 2246 essem.
757 2201 893 2247 ‘adscendi
915 2208 988 2246 autem
1005 2215 1033 2244 cx
1050 2199 1192 2254 revelatione,

265 2269 290 2310 ll
311 2265 397 2310 Notum
409 2273 482 2310 autem
494 2265 630 2316 satisfacio,
650 2265 692 2310 ira·
725 2276 746 2310 ct
758 2267 847 2325 exposui
860 2265 891 2309 eis
903 2264 1041 2324 evangelium
1053 2263 1112 2322 quod
1125 2279 1192 2325 prae·

230 2337 282 2382 tres,
293 2330 432 2388 evangelium
446 2327 498 2372 illud
510 2329 568 2386 quod
579 2341 612 2372 cst
629 2345 641 2373 a
659 2345 693 2372 rnc
727 2329 774 2372 dico
797 2329 852 2372 iuter
874 2337 967 2388 gentes3
991 2328 1028 2372 scd
1045 2327 1147 2386 privatim
1165 2329 1192 2373 iia

231 2393 416 2453 evangelizatum,
440 2408 483 2437 nnn
506 2408 555 2437 esse
574 2391 693 2436 sccurnldrn
725 2393 761 2450 qni
776 2401 826 2436 sunt
839 2393 860 2436 iu
873 2392 950 2453 pretio,
961 2407 1032 2450 nequo
1049 2392 1115 2436 modo
1131 2391 1192 2436 frus·

230 2457 351 2502 hominem.
726 2463 759 2500 tra
771 2472 881 2500 currerem
894 2466 931 2500 aut
942 2455 1094 2499 cucurrissem.

265 2523 294 2564 12
311 2520 391 2578 Neque
402 2520 460 2563 enim
473 2535 515 2578 ego
527 2519 553 2563 ab
568 2519 657 2564 immine
674 2519 699 2562 id
758 2524 772 2563 5
786 2519 829 2564 Sed
839 2535 907 2577 neque
916 2518 988 2572 Titus,
997 2519 1033 2577 qui
1042 2533 1127 2563 mecum
1136 2529 1192 2570 erat,

232 2584 313 2644 accepi,
326 2598 396 2641 neque
407 2583 498 2627 edoctus
510 2598 565 2633 suun,
583 2582 620 2627 sed
637 2584 695 2628 illud
726 2584 825 2642 quamvis
842 2595 900 2627 esset
919 2583 1024 2634 Graecus,
1042 2589 1132 2630 coactus
1148 2580 1192 2627 suit

231 2655 345 2705 retegente
357 2647 413 2689 nridt'
423 2643 478 2691 Jesu
491 2643 588 2692 Christo.
726 2647 865 2690 circumcidi:
1130 2641 1133 2646 ’

265 2711 295 2753 15
311 2709 411 2754 Audistis
423 2708 481 2751 enim
493 2709 603 2766 quomodo
620 2723 694 2753 versa·
758 2714 773 2754 4
793 2700 879 2769 Nempe
891 2717 978 2769 propter
987 2708 1106 2768 irreptitios
1122 2706 1192 2754 falsos

231 2771 316 2816 tussim
325 2771 377 2815 olim
386 2771 409 2814 in
418 2769 539 2818 Judaismo.
550 2786 585 2815 me
594 2773 695 2818 videlicet
725 2772 809 2818 iratres.
828 2775 864 2832 qui
882 2774 1013 2832 irrepserant
1029 2773 1055 2818 ad
1072 2771 1192 2832 exploran-

232 2830 318 2879 summe
338 2840 494 2894 persequutum
517 2849 565 2878 esse
581 2834 695 2880 ecclesiam
726 2837 778 2880 dum
790 2837 910 2881 libertatem
923 2846 1026 2888 nostram,
1043 2851 1107 2894 quam
1125 2836 1191 2881 lrabe-

234 2897 286 2956 Dei,
298 2906 320 2943 et
330 2913 379 2943 eam
391 2893 503 2951 vastisse5
727 2915 776 2944 mus
787 2901 809 2944 in
823 2899 913 2946 Christo
924 2899 985 2952 Jesu,
998 2907 1022 2944 ut
1034 2915 1074 2944 uos
1085 2899 1108 2944 iu
1119 2900 1192 2946 servi-

266 2965 295 3007 14
312 2961 344 3008 Et
350 2960 495 3022 proiecissein
505 2959 621 3007 Judaismo
630 2976 696 3021 super
727 2971 795 3008 tutem
808 2964 934 3024 adigerent:

232 3026 314 3072 multos
325 3025 426 3086 aequales
437 3040 499 3073 meos
510 3025 532 3069 in
544 3039 626 3085 genere
638 3041 695 3078 meo,
759 3030 774 3073 5
797 3027 884 3080 Quibus
901 3043 929 3072 ne
945 3027 971 3072 ad
989 3034 1125 3072 momentum
1141 3028 1191 3086 qui·

232 3105 299 3150 quum
321 3089 472 3136 vehementior
488 3089 608 3134 aemulator
625 3104 696 3133 essem
727 3085 777 3134 dem
799 3106 840 3136 ann
862 3091 995 3150 subjiciendo
1017 3091 1139 3144 cessimus3
1167 3099 1192 3135 ut

232 3155 373 3200 traditionum
385 3153 570 3213 quasapatribus
587 3153 642 3197 meis
658 3167 696 3198 ac·
727 3155 808 3198 veritas
837 3154 945 3214 evangelii
974 3161 1111 3213 permaneret
1133 3153 1191 3213 apud

234 3232 340 3279 ceperam.
728 3233 776 3262 vos.

267 3284 296 3328 15
321 3279 418 3333 Quando
434 3276 488 3324 verri
504 3279 566 3324 libuit
584 3277 642 3332 Deo,
660 3279 697 3338 qui
759 3285 775 3326 6
792 3281 829 3326 Ab
847 3281 873 3326 iia
895 3289 968 3325 alutem
988 3279 1024 3338 qui
1036 3280 1188 3324 existimantur

233 3352 371 3404 separaverat
382 3359 417 3388 rne
428 3344 455 3388 ab
467 3351 529 3388 utero
540 3343 616 3388 matris
628 3359 696 3398 ureae,
726 3360 775 3389 esse
786 3344 872 3402 aliquid,
885 3344 959 3402 quales
971 3344 1022 3388 olim
1034 3342 1121 3394 luerint,
1139 3343 1192 3389 nihtt

234 3421 255 3454 at
267 3407 354 3453 vocavit
365 3406 508 3468 pergratiam
520 3421 592 3461 suam,
727 3423 777 3452 mea
788 3407 869 3452 refert:
889 3422 1005 3467 personam
1017 3407 1111 3451 hominis
1127 3404 1194 3452 Deua

267 3475 296 3517 16
313 3470 425 3530 Retegere
438 3469 518 3514 Filium
534 3485 598 3515 suurn
615 3469 637 3514 in
654 3485 696 3523 mc,
728 3486 773 3516 non
784 3471 869 3530 accipit.
905 3469 963 3516 Nam
981 3471 1016 3529 qui
1035 3469 1124 3514 suntin
1141 3484 1193 3529 pre·

234 3541 257 3579 ut
268 3534 446 3594 evangelizarem
458 3533 529 3593 ipsum
539 3533 597 3578 inter
612 3543 697 3594 gentes,
729 3535 766 3587 tio,
789 3535 842 3579 nihil
860 3549 945 3580 mecum
963 3542 1075 3594 practerea
1090 3533 1192 3578 contule·

234 3611 278 3642 non
297 3598 371 3642 atatim
398 3606 510 3656 praeterea
536 3597 618 3644 contuli
647 3613 697 3643 curn
729 3605 787 3642 runt.

236 3673 298 3706 aroc
308 3666 331 3705 et
342 3660 463 3719 sauguine:
595 3659 600 3669 '
762 3665 776 3708 7
794 3657 844 3706 Imd
855 3675 868 3706 e
879 3675 995 3714 contrane,
1007 3675 1075 3720 quum
1088 3659 1192 3706 vidissent

267 3724 293 3766 17
313 3720 394 3780 Neque
404 3720 654 3836 redqlglierosolqvmarn
672 3723 698 3769 nd
729 3725 782 3770 milri
801 3725 951 3770 concreditum
968 3725 1036 3770 fuisse
1051 3723 1193 3785 evangelium
