<?xml version="1.0" encoding="UTF-8"?>
<!DOCTYPE html PUBLIC "-//W3C//DTD XHTML 1.0 Transitional//EN"
    "http://www.w3.org/TR/xhtml1/DTD/xhtml1-transitional.dtd">
<html xmlns="http://www.w3.org/1999/xhtml" xml:lang="en" lang="en">
 <head>
  <title>
</title>
<meta http-equiv="Content-Type" content="text/html;charset=utf-8" />
  <meta name='ocr-system' content='tesseract 3.04.00' />
  <meta name='ocr-capabilities' content='ocr_page ocr_carea ocr_par ocr_line ocrx_word'/>
</head>
<body>
  <div class='ocr_page' id='page_1' title='image "./novumtestamentu03unkngoog_0161.png"; bbox 0 0 2756 4320; ppageno 0'>
   <div class='ocr_carea' id='block_1_1' title="bbox 577 419 786 478">
    <p class='ocr_par' dir='ltr' id='par_1_1' title="bbox 577 419 786 478">
     <span class='ocr_line' id='line_1_1' title="bbox 577 419 786 478; baseline -0.005 -9"><span class='ocrx_word' id='word_1_1' title='bbox 577 419 692 478; x_wconf 74' lang='lat' dir='ltr'><strong>ACTA,</strong></span> <span class='ocrx_word' id='word_1_2' title='bbox 716 419 786 468; x_wconf 87' lang='lat' dir='ltr'>x1v.</span> 
     </span>
    </p>
   </div>
   <div class='ocr_carea' id='block_1_2' title="bbox 188 522 1153 1156">
    <p class='ocr_par' dir='ltr' id='par_1_2' title="bbox 188 522 1153 834">
     <span class='ocr_line' id='line_1_2' title="bbox 218 522 1151 587; baseline 0.002 -15"><span class='ocrx_word' id='word_1_3' title='bbox 218 531 250 572; x_wconf 56' lang='grc' dir='ltr'><strong>«Β</strong></span> <span class='ocrx_word' id='word_1_4' title='bbox 268 527 356 574; x_wconf 71' lang='lat' dir='ltr'><strong>Genua</strong></span> <span class='ocrx_word' id='word_1_5' title='bbox 366 534 444 572; x_wconf 85' lang='lat' dir='ltr'><strong>eutem</strong></span> <span class='ocrx_word' id='word_1_6' title='bbox 464 526 519 572; x_wconf 82' lang='lat' dir='ltr'><strong>haee</strong></span> <span class='ocrx_word' id='word_1_7' title='bbox 536 524 657 578; x_wconf 78' lang='lat' dir='ltr'><strong>audientes.</strong></span> <span class='ocrx_word' id='word_1_8' title='bbox 726 529 754 571; x_wconf 91' lang='lat' dir='ltr'><strong>to</strong></span> <span class='ocrx_word' id='word_1_9' title='bbox 773 523 841 571; x_wconf 85' lang='lat' dir='ltr'><strong>Dixit</strong></span> <span class='ocrx_word' id='word_1_10' title='bbox 858 541 911 572; x_wconf 83' lang='lat' dir='ltr'><strong>root</strong></span> <span class='ocrx_word' id='word_1_11' title='bbox 932 522 1020 587; x_wconf 65' lang='lat' dir='ltr'><strong>mgna</strong></span> <span class='ocrx_word' id='word_1_12' title='bbox 1039 524 1113 586; x_wconf 76' lang='lat' dir='ltr'><strong>Surge</strong></span> <span class='ocrx_word' id='word_1_13' title='bbox 1129 525 1151 574; x_wconf 88' lang='lat' dir='ltr'><strong>itt</strong></span> 
     </span>
     <span class='ocr_line' id='line_1_3' title="bbox 188 589 1153 653; baseline 0 -17"><span class='ocrx_word' id='word_1_14' title='bbox 188 591 348 653; x_wconf 67' lang='lat' dir='ltr'><strong>gavisaesunt,</strong></span> <span class='ocrx_word' id='word_1_15' title='bbox 368 598 392 636; x_wconf 88' lang='lat' dir='ltr'><strong>et</strong></span> <span class='ocrx_word' id='word_1_16' title='bbox 410 590 514 635; x_wconf 72' lang='lat' dir='ltr'><strong>laudibus</strong></span> <span class='ocrx_word' id='word_1_17' title='bbox 530 589 658 634; x_wconf 84' lang='lat' dir='ltr'><strong>extulerunt</strong></span> <span class='ocrx_word' id='word_1_18' title='bbox 689 589 756 650; x_wconf 88' lang='lat' dir='ltr'><strong>pedes</strong></span> <span class='ocrx_word' id='word_1_19' title='bbox 767 597 908 636; x_wconf 84' lang='lat' dir='ltr'><strong>tuosrectus.</strong></span> <span class='ocrx_word' id='word_1_20' title='bbox 941 589 976 636; x_wconf 81' lang='lat' dir='ltr'><strong>At</strong></span> <span class='ocrx_word' id='word_1_21' title='bbox 990 591 1030 636; x_wconf 78' lang='lat' dir='ltr'><strong>t&#39;lle</strong></span> <span class='ocrx_word' id='word_1_22' title='bbox 1039 589 1153 637; x_wconf 82' lang='lat' dir='ltr'><strong>exailiitet</strong></span> 
     </span>
     <span class='ocr_line' id='line_1_4' title="bbox 189 652 815 700; baseline -0.003 0"><span class='ocrx_word' id='word_1_23' title='bbox 189 668 315 700; x_wconf 86' lang='lat' dir='ltr'><strong>sermonem</strong></span> <span class='ocrx_word' id='word_1_24' title='bbox 337 652 449 698; x_wconf 80' lang='lat' dir='ltr'><strong>Domini:</strong></span> <span class='ocrx_word' id='word_1_25' title='bbox 475 660 499 698; x_wconf 89' lang='lat' dir='ltr'><strong>et</strong></span> <span class='ocrx_word' id='word_1_26' title='bbox 519 652 658 698; x_wconf 87' lang='lat' dir='ltr'><strong>crediderunt</strong></span> <span class='ocrx_word' id='word_1_27' title='bbox 689 652 815 700; x_wconf 80' lang='lat' dir='ltr'><strong>arubularit.</strong></span> 
     </span>
     <span class='ocr_line' id='line_1_5' title="bbox 190 712 1153 778; baseline -0.001 -15"><span class='ocrx_word' id='word_1_28' title='bbox 190 725 299 778; x_wconf 79' lang='lat' dir='ltr'><strong>quotquot</strong></span> <span class='ocrx_word' id='word_1_29' title='bbox 319 724 384 763; x_wconf 88' lang='lat' dir='ltr'><strong>erant</strong></span> <span class='ocrx_word' id='word_1_30' title='bbox 411 715 507 762; x_wconf 81' lang='lat' dir='ltr'><strong>ordinati</strong></span> <span class='ocrx_word' id='word_1_31' title='bbox 534 716 562 760; x_wconf 86' lang='lat' dir='ltr'><strong>ad</strong></span> <span class='ocrx_word' id='word_1_32' title='bbox 589 717 657 762; x_wconf 87' lang='lat' dir='ltr'><strong>vitam</strong></span> <span class='ocrx_word' id='word_1_33' title='bbox 724 719 751 761; x_wconf 92' lang='lat' dir='ltr'><strong>ll</strong></span> <span class='ocrx_word' id='word_1_34' title='bbox 770 715 847 762; x_wconf 87' lang='lat' dir='ltr'><strong>Turba</strong></span> <span class='ocrx_word' id='word_1_35' title='bbox 855 712 984 777; x_wconf 82' lang='lat' dir='ltr'><strong>vetdquum</strong></span> <span class='ocrx_word' id='word_1_36' title='bbox 993 715 1084 763; x_wconf 84' lang='lat' dir='ltr'><strong>vidisset</strong></span> <span class='ocrx_word' id='word_1_37' title='bbox 1094 715 1153 777; x_wconf 79' lang='lat' dir='ltr'><strong>qued</strong></span> 
     </span>
     <span class='ocr_line' id='line_1_6' title="bbox 191 778 1153 834; baseline -0.002 -6"><span class='ocrx_word' id='word_1_38' title='bbox 191 789 312 828; x_wconf 70' lang='lat' dir='ltr'><strong>aetem</strong></span> <span class='ocrx_word' id='word_1_39' title='bbox 690 778 772 825; x_wconf 81' lang='lat' dir='ltr'><strong>iecerat</strong></span> <span class='ocrx_word' id='word_1_40' title='bbox 800 779 890 834; x_wconf 84' lang='lat' dir='ltr'><strong>Paulus,</strong></span> <span class='ocrx_word' id='word_1_41' title='bbox 917 780 1052 826; x_wconf 84' lang='lat' dir='ltr'><strong>sustulerunt</strong></span> <span class='ocrx_word' id='word_1_42' title='bbox 1075 795 1153 826; x_wconf 76' lang='lat' dir='ltr'><strong>rotent</strong></span> 
     </span>
    </p>

    <p class='ocr_par' dir='ltr' id='par_1_3' title="bbox 193 838 1150 968">
     <span class='ocr_line' id='line_1_7' title="bbox 222 838 1141 903; baseline 0.001 -14"><span class='ocrx_word' id='word_1_43' title='bbox 222 849 255 891; x_wconf 79' lang='lat'><strong>49</strong></span> <span class='ocrx_word' id='word_1_44' title='bbox 272 843 429 890; x_wconf 84' lang='lat' dir='ltr'><strong>Perferehatur</strong></span> <span class='ocrx_word' id='word_1_45' title='bbox 439 849 513 889; x_wconf 89' lang='lat' dir='ltr'><strong>autem</strong></span> <span class='ocrx_word' id='word_1_46' title='bbox 525 851 598 888; x_wconf 77' lang='lat' dir='ltr'><strong>ternio</strong></span> <span class='ocrx_word' id='word_1_47' title='bbox 608 841 659 888; x_wconf 90' lang='lat' dir='ltr'><strong>Do-</strong></span> <span class='ocrx_word' id='word_1_48' title='bbox 691 857 760 895; x_wconf 85' lang='lat' dir='ltr'><strong>suam,</strong></span> <span class='ocrx_word' id='word_1_49' title='bbox 778 838 906 903; x_wconf 76' lang='lat' dir='ltr'><strong>Lycaooicd</strong></span> <span class='ocrx_word' id='word_1_50' title='bbox 921 843 1025 896; x_wconf 86' lang='lat' dir='ltr'><strong>dieentes,</strong></span> <span class='ocrx_word' id='word_1_51' title='bbox 1043 843 1082 889; x_wconf 89' lang='lat' dir='ltr'><strong>Dii</strong></span> <span class='ocrx_word' id='word_1_52' title='bbox 1099 845 1141 890; x_wconf 86' lang='lat' dir='ltr'><strong>assi</strong></span> 
     </span>
     <span class='ocr_line' id='line_1_8' title="bbox 193 906 1150 968; baseline 0.001 -15"><span class='ocrx_word' id='word_1_53' title='bbox 193 908 247 954; x_wconf 81' lang='lat' dir='ltr'><strong>mini</strong></span> <span class='ocrx_word' id='word_1_54' title='bbox 253 923 294 968; x_wconf 84' lang='lat' dir='ltr'><strong>per</strong></span> <span class='ocrx_word' id='word_1_55' title='bbox 305 913 375 952; x_wconf 90' lang='lat' dir='ltr'><strong>totam</strong></span> <span class='ocrx_word' id='word_1_56' title='bbox 386 907 446 952; x_wconf 88' lang='lat' dir='ltr'><strong>illam</strong></span> <span class='ocrx_word' id='word_1_57' title='bbox 457 906 580 967; x_wconf 75' lang='lat' dir='ltr'>regionem.</span> <span class='ocrx_word' id='word_1_58' title='bbox 691 906 759 950; x_wconf 79' lang='lat' dir='ltr'><strong>mileti</strong></span> <span class='ocrx_word' id='word_1_59' title='bbox 771 907 896 952; x_wconf 83' lang='lat' dir='ltr'><strong>hominibus</strong></span> <span class='ocrx_word' id='word_1_60' title='bbox 902 907 1062 952; x_wconf 81' lang='lat' dir='ltr'><strong>descenderunt</strong></span> <span class='ocrx_word' id='word_1_61' title='bbox 1070 907 1098 952; x_wconf 90' lang='lat' dir='ltr'><strong>ad</strong></span> <span class='ocrx_word' id='word_1_62' title='bbox 1106 923 1150 954; x_wconf 83' lang='lat' dir='ltr'><strong>uos</strong></span> 
     </span>
    </p>

    <p class='ocr_par' dir='ltr' id='par_1_4' title="bbox 194 967 1153 1156">
     <span class='ocr_line' id='line_1_9' title="bbox 225 967 1153 1029; baseline -0.001 -12"><span class='ocrx_word' id='word_1_63' title='bbox 225 975 258 1017; x_wconf 80' lang='lat'><strong>50</strong></span> <span class='ocrx_word' id='word_1_64' title='bbox 273 969 354 1018; x_wconf 71' lang='lat' dir='ltr'><strong>,Iudaei</strong></span> <span class='ocrx_word' id='word_1_65' title='bbox 366 967 660 1015; x_wconf 71' lang='lat' dir='ltr'><strong>verdexstimularuntmu-</strong></span> <span class='ocrx_word' id='word_1_66' title='bbox 726 973 756 1014; x_wconf 75' lang='lat' dir='ltr'><strong>tu</strong></span> <span class='ocrx_word' id='word_1_67' title='bbox 778 968 936 1029; x_wconf 80' lang='lat' dir='ltr'><strong>Vocabantque</strong></span> <span class='ocrx_word' id='word_1_68' title='bbox 957 968 1090 1024; x_wconf 78' lang='lat' dir='ltr'><strong>Barnaham,</strong></span> <span class='ocrx_word' id='word_1_69' title='bbox 1112 969 1153 1018; x_wconf 79' lang='lat' dir='ltr'><strong>Jo-</strong></span> 
     </span>
     <span class='ocr_line' id='line_1_10' title="bbox 194 1031 1153 1095; baseline 0 -15"><span class='ocrx_word' id='word_1_70' title='bbox 194 1033 259 1081; x_wconf 82' lang='lat' dir='ltr'><strong>lieres</strong></span> <span class='ocrx_word' id='word_1_71' title='bbox 270 1033 385 1095; x_wconf 84' lang='lat' dir='ltr'><strong>religiosas</strong></span> <span class='ocrx_word' id='word_1_72' title='bbox 401 1039 425 1078; x_wconf 92' lang='lat' dir='ltr'><strong>et</strong></span> <span class='ocrx_word' id='word_1_73' title='bbox 439 1033 566 1086; x_wconf 83' lang='lat' dir='ltr'><strong>honoratas,</strong></span> <span class='ocrx_word' id='word_1_74' title='bbox 577 1039 600 1078; x_wconf 91' lang='lat' dir='ltr'><strong>et</strong></span> <span class='ocrx_word' id='word_1_75' title='bbox 615 1033 661 1092; x_wconf 89' lang='lat' dir='ltr'><strong>pri·</strong></span> <span class='ocrx_word' id='word_1_76' title='bbox 693 1047 761 1086; x_wconf 85' lang='lat' dir='ltr'><strong>rern;</strong></span> <span class='ocrx_word' id='word_1_77' title='bbox 780 1031 874 1077; x_wconf 86' lang='lat' dir='ltr'><strong>Paulum</strong></span> <span class='ocrx_word' id='word_1_78' title='bbox 883 1031 1089 1087; x_wconf 80' lang='lat' dir='ltr'><strong>veroMercuriurn.</strong></span> <span class='ocrx_word' id='word_1_79' title='bbox 1098 1049 1153 1094; x_wconf 81' lang='lat' dir='ltr'><strong>qun·</strong></span> 
     </span>
     <span class='ocr_line' id='line_1_11' title="bbox 195 1093 1094 1156; baseline -0.003 -13"><span class='ocrx_word' id='word_1_80' title='bbox 195 1113 244 1144; x_wconf 78' lang='lat' dir='ltr'><strong>aros</strong></span> <span class='ocrx_word' id='word_1_81' title='bbox 253 1098 319 1150; x_wconf 86' lang='lat' dir='ltr'><strong>urhis,</strong></span> <span class='ocrx_word' id='word_1_82' title='bbox 330 1103 354 1142; x_wconf 88' lang='lat' dir='ltr'><strong>et</strong></span> <span class='ocrx_word' id='word_1_83' title='bbox 369 1093 494 1142; x_wconf 50' lang='lat' dir='ltr'><strong>adurunt</strong></span> <span class='ocrx_word' id='word_1_84' title='bbox 508 1096 662 1156; x_wconf 83' lang='lat' dir='ltr'><strong>persequutio·</strong></span> <span class='ocrx_word' id='word_1_85' title='bbox 693 1095 751 1140; x_wconf 90' lang='lat' dir='ltr'><strong>niam</strong></span> <span class='ocrx_word' id='word_1_86' title='bbox 763 1095 782 1140; x_wconf 90' lang='lat' dir='ltr'><strong>is</strong></span> <span class='ocrx_word' id='word_1_87' title='bbox 793 1103 840 1141; x_wconf 89' lang='lat' dir='ltr'><strong>erat</strong></span> <span class='ocrx_word' id='word_1_88' title='bbox 850 1096 896 1141; x_wconf 90' lang='lat' dir='ltr'><strong>dux</strong></span> <span class='ocrx_word' id='word_1_89' title='bbox 907 1096 1022 1141; x_wconf 80' lang='lat' dir='ltr'><strong>aetrnonit.</strong></span> <span class='ocrx_word' id='word_1_90' title='bbox 1090 1117 1094 1125; x_wconf 91' lang='lat'>·</span> 
     </span>
    </p>
   </div>
   <div class='ocr_carea' id='block_1_3' title="bbox 195 1157 1154 1221">
    <p class='ocr_par' dir='ltr' id='par_1_5' title="bbox 195 1157 1154 1221">
     <span class='ocr_line' id='line_1_12' title="bbox 195 1157 1154 1221; baseline 0 -15"><span class='ocrx_word' id='word_1_91' title='bbox 195 1162 281 1206; x_wconf 81' lang='lat' dir='ltr'><strong>nemin</strong></span> <span class='ocrx_word' id='word_1_92' title='bbox 295 1159 389 1206; x_wconf 88' lang='lat' dir='ltr'><strong>Paulum</strong></span> <span class='ocrx_word' id='word_1_93' title='bbox 405 1175 431 1206; x_wconf 88' lang='lat' dir='ltr'><strong>ac</strong></span> <span class='ocrx_word' id='word_1_94' title='bbox 448 1159 579 1213; x_wconf 82' lang='lat' dir='ltr'><strong>Barnaham¹</strong></span> <span class='ocrx_word' id='word_1_95' title='bbox 591 1161 662 1221; x_wconf 85' lang='lat' dir='ltr'><strong>ejece·</strong></span> <span class='ocrx_word' id='word_1_96' title='bbox 728 1163 757 1203; x_wconf 78' lang='lat'><strong>15</strong></span> <span class='ocrx_word' id='word_1_97' title='bbox 775 1159 882 1204; x_wconf 75' lang='lat' dir='ltr'>Sacerdos</span> <span class='ocrx_word' id='word_1_98' title='bbox 892 1166 966 1205; x_wconf 89' lang='lat' dir='ltr'><strong>autern</strong></span> <span class='ocrx_word' id='word_1_99' title='bbox 976 1157 1043 1205; x_wconf 81' lang='lat' dir='ltr'><strong>Jovis</strong></span> <span class='ocrx_word' id='word_1_100' title='bbox 1055 1159 1154 1206; x_wconf 80' lang='lat' dir='ltr'><strong>collocati</strong></span> 
     </span>
    </p>
   </div>
   <div class='ocr_carea' id='block_1_4' title="bbox 124 1222 1154 1284">
    <p class='ocr_par' dir='ltr' id='par_1_6' title="bbox 124 1222 1154 1284">
     <span class='ocr_line' id='line_1_13' title="bbox 124 1222 1154 1284; baseline -0.004 -12"><span class='ocrx_word' id='word_1_101' title='bbox 124 1233 132 1239; x_wconf 88' lang='lat'>&#39;</span> <span class='ocrx_word' id='word_1_102' title='bbox 194 1233 291 1284; x_wconf 80' lang='lat' dir='ltr'><strong>runtque</strong></span> <span class='ocrx_word' id='word_1_103' title='bbox 301 1239 340 1269; x_wconf 81' lang='lat' dir='ltr'><strong>eoa</strong></span> <span class='ocrx_word' id='word_1_104' title='bbox 350 1239 363 1268; x_wconf 97' lang='lat' dir='ltr'><strong>e</strong></span> <span class='ocrx_word' id='word_1_105' title='bbox 373 1222 452 1269; x_wconf 79' lang='lat' dir='ltr'><strong>finihua</strong></span> <span class='ocrx_word' id='word_1_106' title='bbox 463 1224 518 1268; x_wconf 70' lang='lat' dir='ltr'><strong>sulas</strong></span> <span class='ocrx_word' id='word_1_107' title='bbox 693 1230 745 1268; x_wconf 88' lang='lat' dir='ltr'><strong>ante</strong></span> <span class='ocrx_word' id='word_1_108' title='bbox 754 1222 840 1268; x_wconf 86' lang='lat' dir='ltr'><strong>illorum</strong></span> <span class='ocrx_word' id='word_1_109' title='bbox 852 1223 934 1276; x_wconf 85' lang='lat' dir='ltr'><strong>urbetn,</strong></span> <span class='ocrx_word' id='word_1_110' title='bbox 946 1237 1013 1282; x_wconf 90' lang='lat' dir='ltr'><strong>quum</strong></span> <span class='ocrx_word' id='word_1_111' title='bbox 1025 1230 1100 1269; x_wconf 81' lang='lat' dir='ltr'><strong>tauros</strong></span> <span class='ocrx_word' id='word_1_112' title='bbox 1112 1225 1154 1268; x_wconf 82' lang='lat' dir='ltr'><strong>vit-</strong></span> 
     </span>
    </p>
   </div>
   <div class='ocr_carea' id='block_1_5' title="bbox 111 1286 1158 2878">
    <p class='ocr_par' dir='ltr' id='par_1_7' title="bbox 196 1286 1154 1403">
     <span class='ocr_line' id='line_1_14' title="bbox 229 1286 1154 1348; baseline 0.001 -15"><span class='ocrx_word' id='word_1_113' title='bbox 229 1292 258 1334; x_wconf 80' lang='lat'><strong>51</strong></span> <span class='ocrx_word' id='word_1_114' title='bbox 279 1288 312 1332; x_wconf 88' lang='lat' dir='ltr'><strong>At</strong></span> <span class='ocrx_word' id='word_1_115' title='bbox 322 1287 359 1340; x_wconf 84' lang='lat' dir='ltr'><strong>illi,</strong></span> <span class='ocrx_word' id='word_1_116' title='bbox 368 1301 462 1332; x_wconf 78' lang='lat' dir='ltr'><strong>excusso</strong></span> <span class='ocrx_word' id='word_1_117' title='bbox 475 1286 566 1348; x_wconf 88' lang='lat' dir='ltr'><strong>pulrere</strong></span> <span class='ocrx_word' id='word_1_118' title='bbox 582 1286 662 1348; x_wconf 86' lang='lat' dir='ltr'><strong>pedum</strong></span> <span class='ocrx_word' id='word_1_119' title='bbox 693 1291 752 1332; x_wconf 81' lang='lat' dir='ltr'><strong>tator</strong></span> <span class='ocrx_word' id='word_1_120' title='bbox 763 1287 790 1332; x_wconf 87' lang='lat' dir='ltr'><strong>sd</strong></span> <span class='ocrx_word' id='word_1_121' title='bbox 801 1286 908 1332; x_wconf 84' lang='lat' dir='ltr'><strong>vestibula</strong></span> <span class='ocrx_word' id='word_1_122' title='bbox 923 1287 1056 1341; x_wconf 70' lang='lat' dir='ltr'><strong>adduxisset,</strong></span> <span class='ocrx_word' id='word_1_123' title='bbox 1068 1286 1154 1334; x_wconf 84' lang='lat' dir='ltr'><strong>volebat</strong></span> 
     </span>
     <span class='ocr_line' id='line_1_15' title="bbox 196 1347 957 1403; baseline -0.001 -5"><span class='ocrx_word' id='word_1_124' title='bbox 196 1367 288 1398; x_wconf 85' lang='lat' dir='ltr'><strong>suorum</strong></span> <span class='ocrx_word' id='word_1_125' title='bbox 299 1352 322 1396; x_wconf 89' lang='lat' dir='ltr'><strong>in</strong></span> <span class='ocrx_word' id='word_1_126' title='bbox 333 1365 378 1403; x_wconf 86' lang='lat' dir='ltr'><strong>eos,</strong></span> <span class='ocrx_word' id='word_1_127' title='bbox 389 1357 499 1396; x_wconf 88' lang='lat' dir='ltr'><strong>venerunt</strong></span> <span class='ocrx_word' id='word_1_128' title='bbox 510 1349 620 1403; x_wconf 84' lang='lat' dir='ltr'><strong>Iconium.</strong></span> <span class='ocrx_word' id='word_1_129' title='bbox 693 1363 745 1396; x_wconf 88' lang='lat' dir='ltr'><strong>cum</strong></span> <span class='ocrx_word' id='word_1_130' title='bbox 756 1347 818 1396; x_wconf 71' lang='lat' dir='ltr'><strong>turha</strong></span> <span class='ocrx_word' id='word_1_131' title='bbox 829 1349 957 1397; x_wconf 80' lang='lat' dir='ltr'><strong>sacrificare.</strong></span> 
     </span>
    </p>

    <p class='ocr_par' dir='ltr' id='par_1_8' title="bbox 197 1412 1155 1540">
     <span class='ocr_line' id='line_1_16' title="bbox 230 1412 1155 1476; baseline 0.002 -16"><span class='ocrx_word' id='word_1_132' title='bbox 230 1419 261 1460; x_wconf 78' lang='lat'><strong>52</strong></span> <span class='ocrx_word' id='word_1_133' title='bbox 279 1413 389 1474; x_wconf 83' lang='lat' dir='ltr'><strong>Discipuli</strong></span> <span class='ocrx_word' id='word_1_134' title='bbox 398 1412 450 1459; x_wconf 82' lang='lat' dir='ltr'><strong>verd</strong></span> <span class='ocrx_word' id='word_1_135' title='bbox 462 1413 600 1474; x_wconf 85' lang='lat' dir='ltr'><strong>replebantur</strong></span> <span class='ocrx_word' id='word_1_136' title='bbox 606 1427 663 1476; x_wconf 83' lang='lat' dir='ltr'><strong>gau·</strong></span> <span class='ocrx_word' id='word_1_137' title='bbox 727 1417 758 1458; x_wconf 82' lang='lat'><strong>14</strong></span> <span class='ocrx_word' id='word_1_138' title='bbox 774 1413 842 1468; x_wconf 84' lang='lat' dir='ltr'><strong>Quod</strong></span> <span class='ocrx_word' id='word_1_139' title='bbox 852 1429 920 1475; x_wconf 87' lang='lat' dir='ltr'><strong>quum</strong></span> <span class='ocrx_word' id='word_1_140' title='bbox 936 1414 1047 1461; x_wconf 82' lang='lat' dir='ltr'><strong>audissent</strong></span> <span class='ocrx_word' id='word_1_141' title='bbox 1063 1415 1155 1476; x_wconf 82' lang='lat' dir='ltr'><strong>apostoli</strong></span> 
     </span>
     <span class='ocr_line' id='line_1_17' title="bbox 197 1476 1155 1540; baseline 0.001 -16"><span class='ocrx_word' id='word_1_142' title='bbox 197 1479 234 1524; x_wconf 88' lang='lat' dir='ltr'><strong>dio</strong></span> <span class='ocrx_word' id='word_1_143' title='bbox 244 1488 267 1524; x_wconf 87' lang='lat' dir='ltr'><strong>et</strong></span> <span class='ocrx_word' id='word_1_144' title='bbox 280 1478 362 1540; x_wconf 78' lang='lat' dir='ltr'><strong>Spiritu</strong></span> <span class='ocrx_word' id='word_1_145' title='bbox 374 1477 463 1528; x_wconf 83' lang='lat' dir='ltr'><strong>Sancto.</strong></span> <span class='ocrx_word' id='word_1_146' title='bbox 694 1476 808 1524; x_wconf 81' lang='lat' dir='ltr'><strong>Barnabas</strong></span> <span class='ocrx_word' id='word_1_147' title='bbox 825 1487 849 1524; x_wconf 90' lang='lat' dir='ltr'><strong>et</strong></span> <span class='ocrx_word' id='word_1_148' title='bbox 867 1478 956 1533; x_wconf 81' lang='lat' dir='ltr'><strong>Paulus,</strong></span> <span class='ocrx_word' id='word_1_149' title='bbox 976 1480 1068 1540; x_wconf 81' lang='lat' dir='ltr'><strong>diruptis</strong></span> <span class='ocrx_word' id='word_1_150' title='bbox 1085 1480 1155 1540; x_wconf 83' lang='lat' dir='ltr'><strong>palliis</strong></span> 
     </span>
    </p>

    <p class='ocr_par' dir='ltr' id='par_1_9' title="bbox 693 1541 1146 1598">
     <span class='ocr_line' id='line_1_18' title="bbox 693 1541 1146 1598; baseline 0.009 -12"><span class='ocrx_word' id='word_1_151' title='bbox 693 1541 738 1587; x_wconf 85' lang='lat' dir='ltr'><strong>suia</strong></span> <span class='ocrx_word' id='word_1_152' title='bbox 749 1541 872 1588; x_wconf 84' lang='lat' dir='ltr'><strong>inailierunt</strong></span> <span class='ocrx_word' id='word_1_153' title='bbox 881 1543 904 1588; x_wconf 87' lang='lat' dir='ltr'><strong>in</strong></span> <span class='ocrx_word' id='word_1_154' title='bbox 916 1544 1008 1597; x_wconf 84' lang='lat' dir='ltr'><strong>turbam,</strong></span> <span class='ocrx_word' id='word_1_155' title='bbox 1019 1543 1146 1598; x_wconf 82' lang='lat' dir='ltr'><strong>clamantes.</strong></span> 
     </span>
    </p>

    <p class='ocr_par' dir='ltr' id='par_1_10' title="bbox 353 1602 1154 1661">
     <span class='ocr_line' id='line_1_19' title="bbox 353 1602 1154 1661; baseline 0 -9"><span class='ocrx_word' id='word_1_156' title='bbox 353 1602 426 1652; x_wconf 80' lang='lat' dir='ltr'><strong>CAP.</strong></span> <span class='ocrx_word' id='word_1_157' title='bbox 448 1603 519 1650; x_wconf 83' lang='lat' dir='ltr'><strong>xiv.</strong></span> <span class='ocrx_word' id='word_1_158' title='bbox 728 1608 757 1652; x_wconf 83' lang='lat'><strong>15</strong></span> <span class='ocrx_word' id='word_1_159' title='bbox 774 1607 810 1651; x_wconf 84' lang='lat' dir='ltr'><strong>Ae</strong></span> <span class='ocrx_word' id='word_1_160' title='bbox 820 1607 925 1661; x_wconf 80' lang='lat' dir='ltr'><strong>diceutes,</strong></span> <span class='ocrx_word' id='word_1_161' title='bbox 935 1607 991 1661; x_wconf 80' lang='lat' dir='ltr'><strong>Viri,</strong></span> <span class='ocrx_word' id='word_1_162' title='bbox 1000 1622 1040 1652; x_wconf 88' lang='lat' dir='ltr'><strong>cur</strong></span> <span class='ocrx_word' id='word_1_163' title='bbox 1047 1607 1090 1653; x_wconf 81' lang='lat' dir='ltr'><strong>ista</strong></span> <span class='ocrx_word' id='word_1_164' title='bbox 1099 1607 1154 1654; x_wconf 80' lang='lat' dir='ltr'><strong>faci·</strong></span> 
     </span>
    </p>

    <p class='ocr_par' dir='ltr' id='par_1_11' title="bbox 111 1667 1155 1793">
     <span class='ocr_line' id='line_1_20' title="bbox 111 1667 1154 1786; baseline 0.001 -71"><span class='ocrx_word' id='word_1_165' title='bbox 111 1690 115 1702; x_wconf 75' lang='lat'><em>‚</em></span> <span class='ocrx_word' id='word_1_166' title='bbox 201 1667 382 1786; x_wconf 79' lang='lat' dir='ltr'>FACTUM</span> <span class='ocrx_word' id='word_1_167' title='bbox 389 1676 423 1714; x_wconf 88' lang='lat' dir='ltr'><strong>est</strong></span> <span class='ocrx_word' id='word_1_168' title='bbox 431 1677 506 1714; x_wconf 84' lang='lat' dir='ltr'><strong>autent</strong></span> <span class='ocrx_word' id='word_1_169' title='bbox 514 1667 592 1722; x_wconf 83' lang='lat' dir='ltr'><strong>Iconii,</strong></span> <span class='ocrx_word' id='word_1_170' title='bbox 600 1675 625 1714; x_wconf 92' lang='lat' dir='ltr'><strong>ut</strong></span> <span class='ocrx_word' id='word_1_171' title='bbox 633 1667 662 1713; x_wconf 88' lang='lat' dir='ltr'><strong>si·</strong></span> <span class='ocrx_word' id='word_1_172' title='bbox 693 1668 741 1714; x_wconf 82' lang='lat' dir='ltr'><strong>tis?</strong></span> <span class='ocrx_word' id='word_1_173' title='bbox 758 1683 799 1714; x_wconf 89' lang='lat' dir='ltr'><strong>nos</strong></span> <span class='ocrx_word' id='word_1_174' title='bbox 814 1685 902 1730; x_wconf 87' lang='lat' dir='ltr'><strong>quoque</strong></span> <span class='ocrx_word' id='word_1_175' title='bbox 918 1685 994 1716; x_wconf 83' lang='lat' dir='ltr'><strong>sumus</strong></span> <span class='ocrx_word' id='word_1_176' title='bbox 1005 1671 1106 1717; x_wconf 78' lang='lat' dir='ltr'><strong>homines</strong></span> <span class='ocrx_word' id='word_1_177' title='bbox 1116 1672 1154 1716; x_wconf 84' lang='lat' dir='ltr'><strong>iis·</strong></span> 
     </span>
     <span class='ocr_line' id='line_1_21' title="bbox 280 1731 1155 1793; baseline 0.001 -15"><span class='ocrx_word' id='word_1_178' title='bbox 280 1733 327 1778; x_wconf 89' lang='lat' dir='ltr'><strong>mul</strong></span> <span class='ocrx_word' id='word_1_179' title='bbox 343 1732 461 1778; x_wconf 82' lang='lat' dir='ltr'><strong>introirent</strong></span> <span class='ocrx_word' id='word_1_180' title='bbox 471 1747 609 1793; x_wconf 75' lang='lat' dir='ltr'><strong>synagogam</strong></span> <span class='ocrx_word' id='word_1_181' title='bbox 620 1731 663 1779; x_wconf 91' lang='lat' dir='ltr'><strong>Ju·</strong></span> <span class='ocrx_word' id='word_1_182' title='bbox 693 1732 744 1777; x_wconf 91' lang='lat' dir='ltr'><strong>dem</strong></span> <span class='ocrx_word' id='word_1_183' title='bbox 754 1733 832 1792; x_wconf 81' lang='lat' dir='ltr'><strong>quibus</strong></span> <span class='ocrx_word' id='word_1_184' title='bbox 842 1747 883 1778; x_wconf 86' lang='lat' dir='ltr'><strong>vos</strong></span> <span class='ocrx_word' id='word_1_185' title='bbox 899 1733 1049 1779; x_wconf 78' lang='lat' dir='ltr'><strong>affectionibus</strong></span> <span class='ocrx_word' id='word_1_186' title='bbox 1060 1735 1155 1788; x_wconf 77' lang='lat' dir='ltr'><strong>obnoxh,</strong></span> 
     </span>
    </p>

    <p class='ocr_par' dir='ltr' id='par_1_12' title="bbox 199 1795 1158 1985">
     <span class='ocr_line' id='line_1_22' title="bbox 199 1795 1158 1856; baseline -0.001 -14"><span class='ocrx_word' id='word_1_187' title='bbox 199 1797 312 1851; x_wconf 68' lang='lat' dir='ltr'><strong>meorum,</strong></span> <span class='ocrx_word' id='word_1_188' title='bbox 323 1804 346 1842; x_wconf 88' lang='lat' dir='ltr'><strong>et</strong></span> <span class='ocrx_word' id='word_1_189' title='bbox 356 1797 387 1841; x_wconf 82' lang='lat' dir='ltr'><strong>ita</strong></span> <span class='ocrx_word' id='word_1_190' title='bbox 396 1795 545 1856; x_wconf 80' lang='lat' dir='ltr'><strong>loquerentur,</strong></span> <span class='ocrx_word' id='word_1_191' title='bbox 555 1802 580 1841; x_wconf 89' lang='lat' dir='ltr'><strong>ut</strong></span> <span class='ocrx_word' id='word_1_192' title='bbox 587 1796 663 1841; x_wconf 86' lang='lat' dir='ltr'><strong>crede·</strong></span> <span class='ocrx_word' id='word_1_193' title='bbox 693 1796 858 1849; x_wconf 81' lang='lat' dir='ltr'><strong>annunciantes,</strong></span> <span class='ocrx_word' id='word_1_194' title='bbox 876 1802 901 1841; x_wconf 91' lang='lat' dir='ltr'><strong>ut</strong></span> <span class='ocrx_word' id='word_1_195' title='bbox 919 1811 933 1841; x_wconf 84' lang='lat' dir='ltr'><strong>a</strong></span> <span class='ocrx_word' id='word_1_196' title='bbox 949 1798 1012 1855; x_wconf 68' lang='lat' dir='ltr'><strong>ranis</strong></span> <span class='ocrx_word' id='word_1_197' title='bbox 1030 1797 1078 1842; x_wconf 85' lang='lat' dir='ltr'><strong>istis</strong></span> <span class='ocrx_word' id='word_1_198' title='bbox 1093 1799 1158 1843; x_wconf 68' lang='lat' dir='ltr'><strong>rebus</strong></span> 
     </span>
     <span class='ocr_line' id='line_1_23' title="bbox 199 1858 1156 1911; baseline 0 -5"><span class='ocrx_word' id='word_1_199' title='bbox 199 1870 234 1906; x_wconf 87' lang='lat' dir='ltr'><strong>ret</strong></span> <span class='ocrx_word' id='word_1_200' title='bbox 249 1858 386 1907; x_wconf 80' lang='lat' dir='ltr'><strong>Judaeorum</strong></span> <span class='ocrx_word' id='word_1_201' title='bbox 401 1859 469 1906; x_wconf 85' lang='lat' dir='ltr'><strong>simul</strong></span> <span class='ocrx_word' id='word_1_202' title='bbox 483 1865 507 1905; x_wconf 89' lang='lat' dir='ltr'><strong>et</strong></span> <span class='ocrx_word' id='word_1_203' title='bbox 526 1859 664 1906; x_wconf 84' lang='lat' dir='ltr'><strong>Graecorum</strong></span> <span class='ocrx_word' id='word_1_204' title='bbox 695 1859 829 1904; x_wconf 85' lang='lat' dir='ltr'><strong>convertatis</strong></span> <span class='ocrx_word' id='word_1_205' title='bbox 844 1873 892 1911; x_wconf 83' lang='lat' dir='ltr'><strong>vos,</strong></span> <span class='ocrx_word' id='word_1_206' title='bbox 906 1859 934 1904; x_wconf 94' lang='lat' dir='ltr'><strong>ad</strong></span> <span class='ocrx_word' id='word_1_207' title='bbox 951 1858 1028 1904; x_wconf 91' lang='lat' dir='ltr'><strong>Deun.</strong></span> <span class='ocrx_word' id='word_1_208' title='bbox 1044 1859 1105 1905; x_wconf 90' lang='lat' dir='ltr'><strong>illum</strong></span> <span class='ocrx_word' id='word_1_209' title='bbox 1121 1861 1156 1906; x_wconf 85' lang='lat' dir='ltr'><strong>vi·</strong></span> 
     </span>
     <span class='ocr_line' id='line_1_24' title="bbox 201 1921 1157 1985; baseline 0.003 -17"><span class='ocrx_word' id='word_1_210' title='bbox 201 1939 283 1985; x_wconf 78' lang='lat' dir='ltr'><strong>magna</strong></span> <span class='ocrx_word' id='word_1_211' title='bbox 292 1923 417 1968; x_wconf 90' lang='lat' dir='ltr'><strong>multitudo.</strong></span> <span class='ocrx_word' id='word_1_212' title='bbox 695 1935 755 1976; x_wconf 81' lang='lat' dir='ltr'><strong>vum,</strong></span> <span class='ocrx_word' id='word_1_213' title='bbox 772 1922 810 1982; x_wconf 89' lang='lat' dir='ltr'><strong>qui</strong></span> <span class='ocrx_word' id='word_1_214' title='bbox 826 1921 878 1967; x_wconf 85' lang='lat' dir='ltr'><strong>lecit</strong></span> <span class='ocrx_word' id='word_1_215' title='bbox 892 1921 985 1975; x_wconf 88' lang='lat' dir='ltr'><strong>coelum,</strong></span> <span class='ocrx_word' id='word_1_216' title='bbox 999 1929 1022 1968; x_wconf 86' lang='lat' dir='ltr'><strong>et</strong></span> <span class='ocrx_word' id='word_1_217' title='bbox 1036 1928 1123 1977; x_wconf 83' lang='lat' dir='ltr'><strong>terram,</strong></span> <span class='ocrx_word' id='word_1_218' title='bbox 1134 1932 1157 1971; x_wconf 88' lang='lat' dir='ltr'><strong>et</strong></span> 
     </span>
    </p>

    <p class='ocr_par' dir='ltr' id='par_1_13' title="bbox 149 1983 1155 2224">
     <span class='ocr_line' id='line_1_25' title="bbox 233 1983 1099 2044; baseline 0.002 -12"><span class='ocrx_word' id='word_1_219' title='bbox 233 1993 249 2032; x_wconf 71' lang='lat'>2</span> <span class='ocrx_word' id='word_1_220' title='bbox 266 1987 312 2040; x_wconf 82' lang='lat' dir='ltr'><strong>Qui</strong></span> <span class='ocrx_word' id='word_1_221' title='bbox 324 1983 378 2032; x_wconf 76' lang='lat' dir='ltr'><strong>vend</strong></span> <span class='ocrx_word' id='word_1_222' title='bbox 393 1985 499 2032; x_wconf 89' lang='lat' dir='ltr'><strong>increduli</strong></span> <span class='ocrx_word' id='word_1_223' title='bbox 515 1984 605 2032; x_wconf 81' lang='lat' dir='ltr'><strong>fuerunt</strong></span> <span class='ocrx_word' id='word_1_224' title='bbox 620 1984 664 2033; x_wconf 85' lang='lat' dir='ltr'><strong>Ju·</strong></span> <span class='ocrx_word' id='word_1_225' title='bbox 695 1999 763 2039; x_wconf 83' lang='lat' dir='ltr'><strong>mare.</strong></span> <span class='ocrx_word' id='word_1_226' title='bbox 775 1986 883 2032; x_wconf 87' lang='lat' dir='ltr'><strong>etomnia</strong></span> <span class='ocrx_word' id='word_1_227' title='bbox 893 2000 949 2044; x_wconf 80' lang='lat' dir='ltr'><strong>quae</strong></span> <span class='ocrx_word' id='word_1_228' title='bbox 959 1985 1022 2032; x_wconf 89' lang='lat' dir='ltr'><strong>ineis</strong></span> <span class='ocrx_word' id='word_1_229' title='bbox 1033 1995 1099 2034; x_wconf 74' lang='lat' dir='ltr'><strong>sunta</strong></span> 
     </span>
     <span class='ocr_line' id='line_1_26' title="bbox 202 2045 1155 2110; baseline -0.001 -13"><span class='ocrx_word' id='word_1_230' title='bbox 202 2051 256 2105; x_wconf 81' lang='lat' dir='ltr'><strong>daei,</strong></span> <span class='ocrx_word' id='word_1_231' title='bbox 267 2047 386 2096; x_wconf 77' lang='lat' dir='ltr'><strong>iucitirunt</strong></span> <span class='ocrx_word' id='word_1_232' title='bbox 401 2057 424 2096; x_wconf 89' lang='lat' dir='ltr'><strong>et</strong></span> <span class='ocrx_word' id='word_1_233' title='bbox 440 2045 499 2095; x_wconf 72' lang='lat' dir='ltr'><strong>male</strong></span> <span class='ocrx_word' id='word_1_234' title='bbox 511 2049 602 2096; x_wconf 81' lang='lat' dir='ltr'><strong>affectos</strong></span> <span class='ocrx_word' id='word_1_235' title='bbox 613 2049 664 2094; x_wconf 88' lang='lat' dir='ltr'><strong>red·</strong></span> <span class='ocrx_word' id='word_1_236' title='bbox 731 2053 760 2096; x_wconf 89' lang='lat'><strong>16</strong></span> <span class='ocrx_word' id='word_1_237' title='bbox 776 2049 866 2110; x_wconf 80' lang='lat' dir='ltr'><strong>Quique</strong></span> <span class='ocrx_word' id='word_1_238' title='bbox 876 2050 998 2110; x_wconf 84' lang='lat' dir='ltr'><strong>praeteritis</strong></span> <span class='ocrx_word' id='word_1_239' title='bbox 1008 2052 1114 2097; x_wconf 85' lang='lat' dir='ltr'><strong>aetatibus</strong></span> <span class='ocrx_word' id='word_1_240' title='bbox 1125 2051 1155 2096; x_wconf 85' lang='lat' dir='ltr'><strong>ri-</strong></span> 
     </span>
     <span class='ocr_line' id='line_1_27' title="bbox 149 2111 1153 2176; baseline 0.001 -16"><span class='ocrx_word' id='word_1_241' title='bbox 149 2127 151 2130; x_wconf 80' lang='grc'><strong>’</strong></span> <span class='ocrx_word' id='word_1_242' title='bbox 200 2115 303 2160; x_wconf 85' lang='lat' dir='ltr'><strong>diderunt</strong></span> <span class='ocrx_word' id='word_1_243' title='bbox 327 2115 413 2160; x_wconf 85' lang='lat' dir='ltr'><strong>animos</strong></span> <span class='ocrx_word' id='word_1_244' title='bbox 439 2113 540 2175; x_wconf 71' lang='lat' dir='ltr'><strong>gentium</strong></span> <span class='ocrx_word' id='word_1_245' title='bbox 561 2111 666 2160; x_wconf 74' lang='lat' dir='ltr'><strong>adversus</strong></span> <span class='ocrx_word' id='word_1_246' title='bbox 695 2113 728 2160; x_wconf 82' lang='lat' dir='ltr'><strong>vit</strong></span> <span class='ocrx_word' id='word_1_247' title='bbox 739 2121 902 2176; x_wconf 81' lang='lat' dir='ltr'><strong>omnesgeutes</strong></span> <span class='ocrx_word' id='word_1_248' title='bbox 916 2114 1065 2176; x_wconf 76' lang='lat' dir='ltr'><strong>stusipsarum</strong></span> <span class='ocrx_word' id='word_1_249' title='bbox 1072 2116 1153 2162; x_wconf 81' lang='lat' dir='ltr'><strong>viioin·</strong></span> 
     </span>
     <span class='ocr_line' id='line_1_28' title="bbox 201 2177 780 2224; baseline 0 0"><span class='ocrx_word' id='word_1_250' title='bbox 201 2179 286 2224; x_wconf 79' lang='lat' dir='ltr'><strong>fratrea.</strong></span> <span class='ocrx_word' id='word_1_251' title='bbox 696 2177 780 2224; x_wconf 79' lang='lat' dir='ltr'><strong>eadere.</strong></span> 
     </span>
    </p>

    <p class='ocr_par' dir='ltr' id='par_1_14' title="bbox 202 2239 1157 2622">
     <span class='ocr_line' id='line_1_29' title="bbox 232 2239 1157 2302; baseline 0.002 -14"><span class='ocrx_word' id='word_1_252' title='bbox 232 2247 249 2288; x_wconf 77' lang='grc'><em>5</em></span> <span class='ocrx_word' id='word_1_253' title='bbox 267 2241 367 2288; x_wconf 89' lang='lat' dir='ltr'><strong>Multum</strong></span> <span class='ocrx_word' id='word_1_254' title='bbox 382 2239 452 2302; x_wconf 82' lang='lat' dir='ltr'><strong>igitur</strong></span> <span class='ocrx_word' id='word_1_255' title='bbox 466 2241 665 2302; x_wconf 82' lang='lat' dir='ltr'><strong>tempusr&#39;hr&#39;com·</strong></span> <span class='ocrx_word' id='word_1_256' title='bbox 730 2245 758 2288; x_wconf 84' lang='lat'><strong>17</strong></span> <span class='ocrx_word' id='word_1_257' title='bbox 777 2241 909 2302; x_wconf 76' lang='lat' dir='ltr'><strong>Quanquam</strong></span> <span class='ocrx_word' id='word_1_258' title='bbox 929 2256 973 2286; x_wconf 87' lang='lat' dir='ltr'><strong>non</strong></span> <span class='ocrx_word' id='word_1_259' title='bbox 993 2257 1069 2302; x_wconf 80' lang='lat' dir='ltr'><strong>passus</strong></span> <span class='ocrx_word' id='word_1_260' title='bbox 1083 2250 1118 2289; x_wconf 84' lang='lat' dir='ltr'><strong>est</strong></span> <span class='ocrx_word' id='word_1_261' title='bbox 1134 2259 1157 2290; x_wconf 79' lang='lat' dir='ltr'><strong>ae</strong></span> 
     </span>
     <span class='ocr_line' id='line_1_30' title="bbox 202 2300 1157 2364; baseline 0 -13"><span class='ocrx_word' id='word_1_262' title='bbox 202 2306 282 2351; x_wconf 86' lang='lat' dir='ltr'><strong>moreti</strong></span> <span class='ocrx_word' id='word_1_263' title='bbox 304 2313 362 2358; x_wconf 80' lang='lat' dir='ltr'><strong>aunt,</strong></span> <span class='ocrx_word' id='word_1_264' title='bbox 384 2300 453 2350; x_wconf 76' lang='lat' dir='ltr'><strong>tibere</strong></span> <span class='ocrx_word' id='word_1_265' title='bbox 474 2304 595 2364; x_wconf 76' lang='lat' dir='ltr'><strong>loquenten,</strong></span> <span class='ocrx_word' id='word_1_266' title='bbox 614 2304 665 2350; x_wconf 84' lang='lat' dir='ltr'><strong>freti</strong></span> <span class='ocrx_word' id='word_1_267' title='bbox 695 2319 741 2350; x_wconf 84' lang='lat' dir='ltr'><strong>esse</strong></span> <span class='ocrx_word' id='word_1_268' title='bbox 751 2313 864 2364; x_wconf 85' lang='lat' dir='ltr'><strong>expertem</strong></span> <span class='ocrx_word' id='word_1_269' title='bbox 880 2305 1004 2358; x_wconf 86' lang='lat' dir='ltr'><strong>testimonii,</strong></span> <span class='ocrx_word' id='word_1_270' title='bbox 1021 2305 1157 2351; x_wconf 86' lang='lat' dir='ltr'><strong>bonatribu·</strong></span> 
     </span>
     <span class='ocr_line' id='line_1_31' title="bbox 203 2365 1157 2428; baseline 0.002 -14"><span class='ocrx_word' id='word_1_271' title='bbox 203 2369 311 2422; x_wconf 89' lang='lat' dir='ltr'><strong>Domino,</strong></span> <span class='ocrx_word' id='word_1_272' title='bbox 323 2369 360 2428; x_wconf 91' lang='lat' dir='ltr'><strong>qui</strong></span> <span class='ocrx_word' id='word_1_273' title='bbox 372 2367 522 2414; x_wconf 85' lang='lat' dir='ltr'><strong>testimonium</strong></span> <span class='ocrx_word' id='word_1_274' title='bbox 538 2369 602 2414; x_wconf 85' lang='lat' dir='ltr'><strong>dabat</strong></span> <span class='ocrx_word' id='word_1_275' title='bbox 619 2383 665 2414; x_wconf 84' lang='lat' dir='ltr'><strong>ser·</strong></span> <span class='ocrx_word' id='word_1_276' title='bbox 696 2367 761 2421; x_wconf 82' lang='lat' dir='ltr'><strong>endo,</strong></span> <span class='ocrx_word' id='word_1_277' title='bbox 772 2368 827 2412; x_wconf 85' lang='lat' dir='ltr'><strong>dana</strong></span> <span class='ocrx_word' id='word_1_278' title='bbox 843 2368 906 2412; x_wconf 85' lang='lat' dir='ltr'><strong>nobis</strong></span> <span class='ocrx_word' id='word_1_279' title='bbox 922 2365 1015 2412; x_wconf 76' lang='lat' dir='ltr'><strong>coelitus</strong></span> <span class='ocrx_word' id='word_1_280' title='bbox 1031 2368 1116 2428; x_wconf 81' lang='lat' dir='ltr'><strong>pluvias</strong></span> <span class='ocrx_word' id='word_1_281' title='bbox 1132 2385 1157 2416; x_wconf 84' lang='lat' dir='ltr'><strong>ae</strong></span> 
     </span>
     <span class='ocr_line' id='line_1_32' title="bbox 202 2430 1156 2493; baseline -0.001 -14"><span class='ocrx_word' id='word_1_282' title='bbox 202 2433 263 2479; x_wconf 91' lang='lat' dir='ltr'><strong>rooni</strong></span> <span class='ocrx_word' id='word_1_283' title='bbox 274 2433 358 2493; x_wconf 86' lang='lat' dir='ltr'><strong>gratiae</strong></span> <span class='ocrx_word' id='word_1_284' title='bbox 369 2447 427 2484; x_wconf 77' lang='lat' dir='ltr'><strong>suae,</strong></span> <span class='ocrx_word' id='word_1_285' title='bbox 444 2431 551 2491; x_wconf 76' lang='lat' dir='ltr'><strong>dabatque</strong></span> <span class='ocrx_word' id='word_1_286' title='bbox 567 2437 592 2476; x_wconf 92' lang='lat' dir='ltr'><strong>ut</strong></span> <span class='ocrx_word' id='word_1_287' title='bbox 603 2433 667 2492; x_wconf 82' lang='lat' dir='ltr'><strong>signa</strong></span> <span class='ocrx_word' id='word_1_288' title='bbox 696 2438 797 2492; x_wconf 87' lang='lat' dir='ltr'><strong>tempora</strong></span> <span class='ocrx_word' id='word_1_289' title='bbox 812 2430 919 2476; x_wconf 83' lang='lat' dir='ltr'><strong>fructibus</strong></span> <span class='ocrx_word' id='word_1_290' title='bbox 934 2430 1024 2478; x_wconf 86' lang='lat' dir='ltr'><strong>edendis</strong></span> <span class='ocrx_word' id='word_1_291' title='bbox 1040 2439 1096 2492; x_wconf 84' lang='lat' dir='ltr'><strong>apta,</strong></span> <span class='ocrx_word' id='word_1_292' title='bbox 1114 2433 1156 2478; x_wconf 90' lang='lat' dir='ltr'><strong>im-</strong></span> 
     </span>
     <span class='ocr_line' id='line_1_33' title="bbox 202 2490 1112 2558; baseline -0.001 -15"><span class='ocrx_word' id='word_1_293' title='bbox 202 2505 225 2543; x_wconf 89' lang='lat' dir='ltr'><strong>et</strong></span> <span class='ocrx_word' id='word_1_294' title='bbox 236 2495 341 2542; x_wconf 87' lang='lat' dir='ltr'><strong>miracula</strong></span> <span class='ocrx_word' id='word_1_295' title='bbox 351 2495 467 2542; x_wconf 85' lang='lat' dir='ltr'><strong>ederentur</strong></span> <span class='ocrx_word' id='word_1_296' title='bbox 482 2511 522 2556; x_wconf 86' lang='lat' dir='ltr'><strong>per</strong></span> <span class='ocrx_word' id='word_1_297' title='bbox 537 2498 616 2542; x_wconf 82' lang='lat' dir='ltr'><strong>manus</strong></span> <span class='ocrx_word' id='word_1_298' title='bbox 626 2511 666 2541; x_wconf 93' lang='lat' dir='ltr'><strong>eo·</strong></span> <span class='ocrx_word' id='word_1_299' title='bbox 695 2494 758 2558; x_wconf 86' lang='lat' dir='ltr'><strong>plens</strong></span> <span class='ocrx_word' id='word_1_300' title='bbox 769 2495 818 2540; x_wconf 91' lang='lat' dir='ltr'><strong>cibo</strong></span> <span class='ocrx_word' id='word_1_301' title='bbox 828 2501 851 2540; x_wconf 85' lang='lat' dir='ltr'><strong>et</strong></span> <span class='ocrx_word' id='word_1_302' title='bbox 861 2490 943 2540; x_wconf 75' lang='lat' dir='ltr'><strong>laetitii</strong></span> <span class='ocrx_word' id='word_1_303' title='bbox 953 2494 1019 2540; x_wconf 92' lang='lat' dir='ltr'><strong>corda</strong></span> <span class='ocrx_word' id='word_1_304' title='bbox 1030 2505 1112 2543; x_wconf 83' lang='lat' dir='ltr'><strong>nostra.</strong></span> 
     </span>
     <span class='ocr_line' id='line_1_34' title="bbox 204 2558 1157 2622; baseline 0 -16"><span class='ocrx_word' id='word_1_305' title='bbox 204 2576 261 2606; x_wconf 84' lang='lat' dir='ltr'><strong>rum.</strong></span> <span class='ocrx_word' id='word_1_306' title='bbox 731 2562 760 2604; x_wconf 90' lang='lat'><strong>18</strong></span> <span class='ocrx_word' id='word_1_307' title='bbox 777 2558 809 2604; x_wconf 88' lang='lat' dir='ltr'><strong>Et</strong></span> <span class='ocrx_word' id='word_1_308' title='bbox 820 2559 873 2604; x_wconf 86' lang='lat' dir='ltr'><strong>haec</strong></span> <span class='ocrx_word' id='word_1_309' title='bbox 885 2558 988 2611; x_wconf 84' lang='lat' dir='ltr'><strong>dicentes,</strong></span> <span class='ocrx_word' id='word_1_310' title='bbox 1002 2559 1040 2604; x_wconf 87' lang='lat' dir='ltr'><strong>vix</strong></span> <span class='ocrx_word' id='word_1_311' title='bbox 1056 2575 1157 2622; x_wconf 87' lang='lat' dir='ltr'><strong>compes·</strong></span> 
     </span>
    </p>

    <p class='ocr_par' dir='ltr' id='par_1_15' title="bbox 204 2621 1157 2814">
     <span class='ocr_line' id='line_1_35' title="bbox 236 2621 1142 2683; baseline 0.002 -14"><span class='ocrx_word' id='word_1_312' title='bbox 236 2628 252 2669; x_wconf 83' lang='lat'>4</span> <span class='ocrx_word' id='word_1_313' title='bbox 269 2623 383 2670; x_wconf 76' lang='lat' dir='ltr'><strong>Sdssaest</strong></span> <span class='ocrx_word' id='word_1_314' title='bbox 390 2629 463 2668; x_wconf 87' lang='lat' dir='ltr'><strong>autem</strong></span> <span class='ocrx_word' id='word_1_315' title='bbox 470 2621 587 2668; x_wconf 86' lang='lat' dir='ltr'><strong>mttltitudo</strong></span> <span class='ocrx_word' id='word_1_316' title='bbox 596 2623 665 2667; x_wconf 74' lang='lat' dir='ltr'><strong>urhisr</strong></span> <span class='ocrx_word' id='word_1_317' title='bbox 696 2629 790 2668; x_wconf 87' lang='lat' dir='ltr'><strong>cuerunt</strong></span> <span class='ocrx_word' id='word_1_318' title='bbox 799 2623 892 2676; x_wconf 76' lang='lat' dir='ltr'><strong>turham</strong></span> <span class='ocrx_word' id='word_1_319' title='bbox 904 2637 932 2668; x_wconf 90' lang='lat' dir='ltr'><strong>ne</strong></span> <span class='ocrx_word' id='word_1_320' title='bbox 943 2622 994 2683; x_wconf 82' lang='lat' dir='ltr'><strong>ipsis</strong></span> <span class='ocrx_word' id='word_1_321' title='bbox 1005 2623 1142 2671; x_wconf 80' lang='lat' dir='ltr'><strong>sacrificaret.</strong></span> 
     </span>
     <span class='ocr_line' id='line_1_36' title="bbox 204 2682 1157 2750; baseline 0.002 -16"><span class='ocrx_word' id='word_1_322' title='bbox 204 2687 272 2734; x_wconf 85' lang='lat' dir='ltr'><strong>etalii</strong></span> <span class='ocrx_word' id='word_1_323' title='bbox 283 2682 372 2748; x_wconf 69' lang='lat' dir='ltr'><strong>quidem</strong></span> <span class='ocrx_word' id='word_1_324' title='bbox 383 2685 570 2740; x_wconf 86' lang='lat' dir='ltr'><strong>erantaJudaeis,</strong></span> <span class='ocrx_word' id='word_1_325' title='bbox 582 2686 667 2732; x_wconf 86' lang='lat' dir='ltr'><strong>aliive·</strong></span> <span class='ocrx_word' id='word_1_326' title='bbox 731 2689 760 2734; x_wconf 87' lang='lat'><strong>19</strong></span> <span class='ocrx_word' id='word_1_327' title='bbox 777 2686 958 2747; x_wconf 86' lang='lat' dir='ltr'><strong>Supervenerunt</strong></span> <span class='ocrx_word' id='word_1_328' title='bbox 975 2688 1048 2734; x_wconf 82' lang='lat' dir='ltr'><strong>autem</strong></span> <span class='ocrx_word' id='word_1_329' title='bbox 1071 2689 1157 2750; x_wconf 87' lang='lat' dir='ltr'><strong>quidam</strong></span> 
     </span>
     <span class='ocr_line' id='line_1_37' title="bbox 206 2749 1157 2814; baseline 0.001 -17"><span class='ocrx_word' id='word_1_330' title='bbox 206 2749 230 2798; x_wconf 80' lang='lat' dir='ltr'><strong>td</strong></span> <span class='ocrx_word' id='word_1_331' title='bbox 240 2753 266 2797; x_wconf 87' lang='lat' dir='ltr'><strong>ah</strong></span> <span class='ocrx_word' id='word_1_332' title='bbox 277 2750 389 2812; x_wconf 80' lang='lat' dir='ltr'><strong>apostolia.</strong></span> <span class='ocrx_word' id='word_1_333' title='bbox 697 2749 775 2796; x_wconf 86' lang='lat' dir='ltr'><strong>Judaei</strong></span> <span class='ocrx_word' id='word_1_334' title='bbox 788 2750 909 2798; x_wconf 78' lang='lat' dir='ltr'><strong>Antiochii</strong></span> <span class='ocrx_word' id='word_1_335' title='bbox 920 2762 942 2797; x_wconf 89' lang='lat' dir='ltr'><strong>et</strong></span> <span class='ocrx_word' id='word_1_336' title='bbox 955 2749 1039 2804; x_wconf 84' lang='lat' dir='ltr'><strong>Iconio,</strong></span> <span class='ocrx_word' id='word_1_337' title='bbox 1051 2753 1095 2814; x_wconf 60' lang='lat' dir='ltr'><strong>qu&#39;q</strong></span> <span class='ocrx_word' id='word_1_338' title='bbox 1107 2769 1157 2814; x_wconf 88' lang='lat' dir='ltr'><strong>per·</strong></span> 
     </span>
    </p>

    <p class='ocr_par' dir='ltr' id='par_1_16' title="bbox 236 2811 1158 2878">
     <span class='ocr_line' id='line_1_38' title="bbox 236 2811 1158 2878; baseline 0 -16"><span class='ocrx_word' id='word_1_339' title='bbox 236 2819 251 2862; x_wconf 84' lang='lat'><em>5</em></span> <span class='ocrx_word' id='word_1_340' title='bbox 269 2814 346 2867; x_wconf 87' lang='lat' dir='ltr'><strong>Quum</strong></span> <span class='ocrx_word' id='word_1_341' title='bbox 357 2821 431 2859; x_wconf 84' lang='lat' dir='ltr'><strong>autem</strong></span> <span class='ocrx_word' id='word_1_342' title='bbox 447 2811 518 2859; x_wconf 82' lang='lat' dir='ltr'><strong>factus</strong></span> <span class='ocrx_word' id='word_1_343' title='bbox 528 2822 586 2859; x_wconf 79' lang='lat' dir='ltr'><strong>eaoet</strong></span> <span class='ocrx_word' id='word_1_344' title='bbox 596 2813 665 2874; x_wconf 89' lang='lat' dir='ltr'><strong>impe·</strong></span> <span class='ocrx_word' id='word_1_345' title='bbox 697 2811 761 2860; x_wconf 72' lang='lat' dir='ltr'><strong>suasi</strong></span> <span class='ocrx_word' id='word_1_346' title='bbox 771 2813 840 2870; x_wconf 82' lang='lat' dir='ltr'><strong>turhti,</strong></span> <span class='ocrx_word' id='word_1_347' title='bbox 858 2815 952 2861; x_wconf 86' lang='lat' dir='ltr'><strong>Paulum</strong></span> <span class='ocrx_word' id='word_1_348' title='bbox 970 2815 1087 2878; x_wconf 87' lang='lat' dir='ltr'><strong>lapidatum</strong></span> <span class='ocrx_word' id='word_1_349' title='bbox 1098 2825 1158 2862; x_wconf 76' lang='lat' dir='ltr'><strong>trax·</strong></span> 
     </span>
    </p>
   </div>
   <div class='ocr_carea' id='block_1_6' title="bbox 126 2873 1158 2940">
    <p class='ocr_par' dir='ltr' id='par_1_17' title="bbox 126 2873 1158 2940">
     <span class='ocr_line' id='line_1_39' title="bbox 126 2873 1158 2940; baseline 0 -16"><span class='ocrx_word' id='word_1_350' title='bbox 126 2882 129 2888; x_wconf 86' lang='lat'>&#39;</span> <span class='ocrx_word' id='word_1_351' title='bbox 208 2876 542 2940; x_wconf 75' lang='lat' dir='ltr'><strong>nsgeudumaesudaeorum,</strong></span> <span class='ocrx_word' id='word_1_352' title='bbox 555 2873 599 2922; x_wconf 69' lang='lat' dir='ltr'><strong>und</strong></span> <span class='ocrx_word' id='word_1_353' title='bbox 616 2893 666 2922; x_wconf 92' lang='lat' dir='ltr'><strong>cum</strong></span> <span class='ocrx_word' id='word_1_354' title='bbox 696 2885 762 2924; x_wconf 87' lang='lat' dir='ltr'><strong>erunt</strong></span> <span class='ocrx_word' id='word_1_355' title='bbox 772 2887 834 2924; x_wconf 81' lang='lat' dir='ltr'><strong>extra</strong></span> <span class='ocrx_word' id='word_1_356' title='bbox 845 2880 927 2932; x_wconf 88' lang='lat' dir='ltr'><strong>urbem,</strong></span> <span class='ocrx_word' id='word_1_357' title='bbox 943 2881 1096 2926; x_wconf 81' lang='lat' dir='ltr'><strong>existimantes</strong></span> <span class='ocrx_word' id='word_1_358' title='bbox 1108 2895 1158 2924; x_wconf 90' lang='lat' dir='ltr'><strong>eum</strong></span> 
     </span>
    </p>
   </div>
   <div class='ocr_carea' id='block_1_7' title="bbox 142 2941 1186 3832">
    <p class='ocr_par' dir='ltr' id='par_1_18' title="bbox 142 2941 1186 3832">
     <span class='ocr_line' id='line_1_40' title="bbox 206 2941 877 3002; baseline -0.001 -15"><span class='ocrx_word' id='word_1_359' title='bbox 206 2943 250 2988; x_wconf 87' lang='lat' dir='ltr'><strong>auis</strong></span> <span class='ocrx_word' id='word_1_360' title='bbox 260 2941 397 3002; x_wconf 83' lang='lat' dir='ltr'><strong>primoribus,</strong></span> <span class='ocrx_word' id='word_1_361' title='bbox 408 2941 436 2986; x_wconf 85' lang='lat' dir='ltr'><strong>ad</strong></span> <span class='ocrx_word' id='word_1_362' title='bbox 449 2955 488 2986; x_wconf 86' lang='lat' dir='ltr'><strong>eoa</strong></span> <span class='ocrx_word' id='word_1_363' title='bbox 503 2941 587 3002; x_wconf 83' lang='lat' dir='ltr'><strong>injuriis</strong></span> <span class='ocrx_word' id='word_1_364' title='bbox 598 2941 666 2986; x_wconf 84' lang='lat' dir='ltr'><strong>effici·</strong></span> <span class='ocrx_word' id='word_1_365' title='bbox 697 2950 811 2987; x_wconf 91' lang='lat' dir='ltr'><strong>mortuum</strong></span> <span class='ocrx_word' id='word_1_366' title='bbox 822 2957 877 2986; x_wconf 85' lang='lat' dir='ltr'><strong>esse.</strong></span> 
     </span>
     <span class='ocr_line' id='line_1_41' title="bbox 206 3003 1186 3065; baseline 0.001 -14"><span class='ocrx_word' id='word_1_367' title='bbox 206 3003 450 3065; x_wconf 81' lang='lat' dir='ltr'><strong>endosetlapidandos,</strong></span> <span class='ocrx_word' id='word_1_368' title='bbox 729 3007 762 3050; x_wconf 67' lang='lat'><strong>20</strong></span> <span class='ocrx_word' id='word_1_369' title='bbox 778 3004 854 3057; x_wconf 84' lang='lat' dir='ltr'><strong>Quum</strong></span> <span class='ocrx_word' id='word_1_370' title='bbox 871 3013 944 3049; x_wconf 85' lang='lat' dir='ltr'><strong>autem</strong></span> <span class='ocrx_word' id='word_1_371' title='bbox 966 3005 1159 3052; x_wconf 79' lang='lat' dir='ltr'><strong>circumstetissent</strong></span> <span class='ocrx_word' id='word_1_372' title='bbox 1185 3025 1186 3030; x_wconf 49' lang='lat'>¹</span> 
     </span>
     <span class='ocr_line' id='line_1_42' title="bbox 237 3064 1170 3128; baseline -0.005 -13"><span class='ocrx_word' id='word_1_373' title='bbox 237 3074 253 3115; x_wconf 84' lang='lat'>6</span> <span class='ocrx_word' id='word_1_374' title='bbox 270 3068 306 3114; x_wconf 84' lang='lat' dir='ltr'><strong>Re</strong></span> <span class='ocrx_word' id='word_1_375' title='bbox 324 3064 462 3114; x_wconf 76' lang='lat' dir='ltr'><strong>considerati</strong></span> <span class='ocrx_word' id='word_1_376' title='bbox 479 3065 624 3128; x_wconf 81' lang='lat' dir='ltr'><strong>perfugerant</strong></span> <span class='ocrx_word' id='word_1_377' title='bbox 644 3068 666 3113; x_wconf 89' lang='lat' dir='ltr'><strong>in</strong></span> <span class='ocrx_word' id='word_1_378' title='bbox 697 3083 748 3113; x_wconf 90' lang='lat' dir='ltr'><strong>eum</strong></span> <span class='ocrx_word' id='word_1_379' title='bbox 765 3066 871 3126; x_wconf 85' lang='lat' dir='ltr'><strong>discipuli,</strong></span> <span class='ocrx_word' id='word_1_380' title='bbox 892 3067 992 3118; x_wconf 82' lang='lat' dir='ltr'><strong>surrexit,</strong></span> <span class='ocrx_word' id='word_1_381' title='bbox 1009 3074 1032 3111; x_wconf 87' lang='lat' dir='ltr'><strong>et</strong></span> <span class='ocrx_word' id='word_1_382' title='bbox 1047 3067 1170 3126; x_wconf 77' lang='lat' dir='ltr'><strong>ingrersus.</strong></span> 
     </span>
     <span class='ocr_line' id='line_1_43' title="bbox 150 3129 1161 3192; baseline -0.004 -13"><span class='ocrx_word' id='word_1_383' title='bbox 150 3181 155 3184; x_wconf 70' lang='grc'><strong>,</strong></span> <span class='ocrx_word' id='word_1_384' title='bbox 207 3132 305 3179; x_wconf 69' lang='lat' dir='ltr'><strong>eattae</strong></span> <span class='ocrx_word' id='word_1_385' title='bbox 316 3130 450 3192; x_wconf 78' lang='lat' dir='ltr'><strong>Lycaoniae,</strong></span> <span class='ocrx_word' id='word_1_386' title='bbox 460 3129 564 3191; x_wconf 82' lang='lat' dir='ltr'><strong>Lystram</strong></span> <span class='ocrx_word' id='word_1_387' title='bbox 576 3130 666 3176; x_wconf 86' lang='lat' dir='ltr'><strong>etDer·</strong></span> <span class='ocrx_word' id='word_1_388' title='bbox 697 3138 730 3176; x_wconf 87' lang='lat' dir='ltr'><strong>eat</strong></span> <span class='ocrx_word' id='word_1_389' title='bbox 747 3131 839 3184; x_wconf 69' lang='lat' dir='ltr'><strong>urbem</strong></span> <span class='ocrx_word' id='word_1_390' title='bbox 861 3134 884 3174; x_wconf 89' lang='lat' dir='ltr'><strong>et</strong></span> <span class='ocrx_word' id='word_1_391' title='bbox 894 3129 998 3188; x_wconf 85' lang='lat' dir='ltr'><strong>postridie</strong></span> <span class='ocrx_word' id='word_1_392' title='bbox 1008 3143 1111 3190; x_wconf 65' lang='grc' dir='ltr'><strong>εςτοεευε</strong></span> <span class='ocrx_word' id='word_1_393' title='bbox 1123 3147 1161 3176; x_wconf 76' lang='lat' dir='ltr'><strong>re·</strong></span> 
     </span>
     <span class='ocr_line' id='line_1_44' title="bbox 209 3189 1016 3256; baseline -0.006 -13"><span class='ocrx_word' id='word_1_394' title='bbox 209 3211 254 3248; x_wconf 84' lang='lat' dir='ltr'><strong>aea.</strong></span> <span class='ocrx_word' id='word_1_395' title='bbox 265 3201 288 3242; x_wconf 88' lang='lat' dir='ltr'><strong>et</strong></span> <span class='ocrx_word' id='word_1_396' title='bbox 298 3193 489 3256; x_wconf 85' lang='lat' dir='ltr'><strong>circumjacentem</strong></span> <span class='ocrx_word' id='word_1_397' title='bbox 500 3194 627 3254; x_wconf 78' lang='lat' dir='ltr'><strong>regionem:</strong></span> <span class='ocrx_word' id='word_1_398' title='bbox 698 3193 731 3238; x_wconf 91' lang='lat' dir='ltr'><strong>nit</strong></span> <span class='ocrx_word' id='word_1_399' title='bbox 743 3191 834 3237; x_wconf 85' lang='lat' dir='ltr'><strong>Derhen</strong></span> <span class='ocrx_word' id='word_1_400' title='bbox 846 3205 896 3236; x_wconf 91' lang='lat' dir='ltr'><strong>cum</strong></span> <span class='ocrx_word' id='word_1_401' title='bbox 908 3189 1016 3238; x_wconf 76' lang='lat' dir='ltr'><strong>Barnabi.</strong></span> 
     </span>
     <span class='ocr_line' id='line_1_45' title="bbox 238 3251 1161 3318; baseline -0.002 -13"><span class='ocrx_word' id='word_1_402' title='bbox 238 3261 252 3306; x_wconf 90' lang='grc'><strong>7</strong></span> <span class='ocrx_word' id='word_1_403' title='bbox 270 3259 303 3305; x_wconf 87' lang='lat' dir='ltr'><strong>Et</strong></span> <span class='ocrx_word' id='word_1_404' title='bbox 311 3258 356 3304; x_wconf 86' lang='lat' dir='ltr'><strong>illic</strong></span> <span class='ocrx_word' id='word_1_405' title='bbox 366 3257 584 3318; x_wconf 76' lang='lat' dir='ltr'><strong>evangelizaverunt.</strong></span> <span class='ocrx_word' id='word_1_406' title='bbox 731 3260 757 3301; x_wconf 77' lang='lat'><strong>21</strong></span> <span class='ocrx_word' id='word_1_407' title='bbox 780 3254 900 3314; x_wconf 87' lang='lat' dir='ltr'><strong>Quumque</strong></span> <span class='ocrx_word' id='word_1_408' title='bbox 910 3251 1101 3317; x_wconf 74' lang='lat' dir='ltr'><strong>evangellzdssent</strong></span> <span class='ocrx_word' id='word_1_409' title='bbox 1116 3260 1161 3306; x_wconf 78' lang='lat' dir='ltr'><strong>urht</strong></span> 
     </span>
     <span class='ocr_line' id='line_1_46' title="bbox 238 3319 1162 3380; baseline -0.001 -12"><span class='ocrx_word' id='word_1_410' title='bbox 238 3327 254 3368; x_wconf 86' lang='lat'>8</span> <span class='ocrx_word' id='word_1_411' title='bbox 271 3321 368 3376; x_wconf 62' lang='lat' dir='ltr'><strong>Quadam</strong></span> <span class='ocrx_word' id='word_1_412' title='bbox 378 3328 452 3368; x_wconf 87' lang='lat' dir='ltr'><strong>autern</strong></span> <span class='ocrx_word' id='word_1_413' title='bbox 468 3322 502 3367; x_wconf 88' lang='lat' dir='ltr'><strong>vir</strong></span> <span class='ocrx_word' id='word_1_414' title='bbox 518 3320 606 3380; x_wconf 85' lang='lat' dir='ltr'><strong>Lystris</strong></span> <span class='ocrx_word' id='word_1_415' title='bbox 616 3335 668 3380; x_wconf 87' lang='lat' dir='ltr'><strong>cap·</strong></span> <span class='ocrx_word' id='word_1_416' title='bbox 698 3319 735 3372; x_wconf 87' lang='lat' dir='ltr'><strong>illi,</strong></span> <span class='ocrx_word' id='word_1_417' title='bbox 752 3328 775 3366; x_wconf 82' lang='lat' dir='ltr'><strong>et</strong></span> <span class='ocrx_word' id='word_1_418' title='bbox 786 3319 903 3380; x_wconf 86' lang='lat' dir='ltr'><strong>discipulos</strong></span> <span class='ocrx_word' id='word_1_419' title='bbox 914 3319 995 3365; x_wconf 88' lang='lat' dir='ltr'><strong>multos</strong></span> <span class='ocrx_word' id='word_1_420' title='bbox 1006 3320 1162 3379; x_wconf 61' lang='lat' dir='ltr'><strong>adjunxissent</strong></span> 
     </span>
     <span class='ocr_line' id='line_1_47' title="bbox 209 3381 1160 3446; baseline -0.003 -12"><span class='ocrx_word' id='word_1_421' title='bbox 209 3391 243 3434; x_wconf 82' lang='lat' dir='ltr'><strong>lus</strong></span> <span class='ocrx_word' id='word_1_422' title='bbox 253 3387 344 3446; x_wconf 86' lang='lat' dir='ltr'><strong>pedibus</strong></span> <span class='ocrx_word' id='word_1_423' title='bbox 354 3385 448 3437; x_wconf 79' lang='lat' dir='ltr'><strong>sedebat,</strong></span> <span class='ocrx_word' id='word_1_424' title='bbox 463 3384 553 3430; x_wconf 84' lang='lat' dir='ltr'><strong>claudus</strong></span> <span class='ocrx_word' id='word_1_425' title='bbox 569 3385 596 3428; x_wconf 87' lang='lat' dir='ltr'><strong>ah</strong></span> <span class='ocrx_word' id='word_1_426' title='bbox 607 3395 669 3429; x_wconf 86' lang='lat' dir='ltr'><strong>utero</strong></span> <span class='ocrx_word' id='word_1_427' title='bbox 699 3383 781 3430; x_wconf 84' lang='lat' dir='ltr'><strong>reversi</strong></span> <span class='ocrx_word' id='word_1_428' title='bbox 792 3389 844 3428; x_wconf 86' lang='lat' dir='ltr'><strong>sunt</strong></span> <span class='ocrx_word' id='word_1_429' title='bbox 856 3381 967 3443; x_wconf 82' lang='lat' dir='ltr'><strong>Lystrarn,</strong></span> <span class='ocrx_word' id='word_1_430' title='bbox 979 3391 1001 3429; x_wconf 87' lang='lat' dir='ltr'><strong>et</strong></span> <span class='ocrx_word' id='word_1_431' title='bbox 1014 3381 1122 3438; x_wconf 86' lang='lat' dir='ltr'><strong>Iconium,</strong></span> <span class='ocrx_word' id='word_1_432' title='bbox 1139 3395 1160 3431; x_wconf 86' lang='lat' dir='ltr'><strong>et</strong></span> 
     </span>
     <span class='ocr_line' id='line_1_48' title="bbox 210 3446 856 3509; baseline -0.009 -11"><span class='ocrx_word' id='word_1_433' title='bbox 210 3450 353 3502; x_wconf 56' lang='lat' dir='ltr'><strong>atttrit‘suae,</strong></span> <span class='ocrx_word' id='word_1_434' title='bbox 364 3448 401 3509; x_wconf 90' lang='lat' dir='ltr'><strong>qui</strong></span> <span class='ocrx_word' id='word_1_435' title='bbox 414 3463 526 3508; x_wconf 86' lang='lat' dir='ltr'><strong>nunquam</strong></span> <span class='ocrx_word' id='word_1_436' title='bbox 543 3447 668 3493; x_wconf 86' lang='lat' dir='ltr'><strong>ambulave-</strong></span> <span class='ocrx_word' id='word_1_437' title='bbox 700 3446 856 3494; x_wconf 76' lang='lat' dir='ltr'><strong>Antiochiam:</strong></span> 
     </span>
     <span class='ocr_line' id='line_1_49' title="bbox 210 3508 1161 3572; baseline -0.002 -13"><span class='ocrx_word' id='word_1_438' title='bbox 210 3524 242 3560; x_wconf 74' lang='lat' dir='ltr'><strong>tet</strong></span> <span class='ocrx_word' id='word_1_439' title='bbox 252 3533 257 3558; x_wconf 72' lang='lat' dir='ltr'>z</span> <span class='ocrx_word' id='word_1_440' title='bbox 732 3515 763 3556; x_wconf 75' lang='lat'><strong>22</strong></span> <span class='ocrx_word' id='word_1_441' title='bbox 781 3508 944 3558; x_wconf 76' lang='lat' dir='ltr'><strong>contionantes</strong></span> <span class='ocrx_word' id='word_1_442' title='bbox 951 3510 1035 3554; x_wconf 84' lang='lat' dir='ltr'><strong>animos</strong></span> <span class='ocrx_word' id='word_1_443' title='bbox 1044 3509 1161 3572; x_wconf 88' lang='lat' dir='ltr'><strong>discipulo·</strong></span> 
     </span>
     <span class='ocr_line' id='line_1_50' title="bbox 242 3573 1160 3633; baseline -0.001 -11"><span class='ocrx_word' id='word_1_444' title='bbox 242 3575 320 3626; x_wconf 75' lang='lat' dir='ltr'><strong>ttHic</strong></span> <span class='ocrx_word' id='word_1_445' title='bbox 331 3575 414 3621; x_wconf 79' lang='lat' dir='ltr'><strong>audivit</strong></span> <span class='ocrx_word' id='word_1_446' title='bbox 427 3573 521 3620; x_wconf 89' lang='lat' dir='ltr'><strong>Paulum</strong></span> <span class='ocrx_word' id='word_1_447' title='bbox 532 3573 669 3633; x_wconf 80' lang='lat' dir='ltr'><strong>loquentem:</strong></span> <span class='ocrx_word' id='word_1_448' title='bbox 701 3590 756 3626; x_wconf 81' lang='lat' dir='ltr'><strong>rum,</strong></span> <span class='ocrx_word' id='word_1_449' title='bbox 784 3575 896 3624; x_wconf 76' lang='lat' dir='ltr'><strong>hortantes</strong></span> <span class='ocrx_word' id='word_1_450' title='bbox 918 3583 943 3617; x_wconf 90' lang='lat' dir='ltr'><strong>ut</strong></span> <span class='ocrx_word' id='word_1_451' title='bbox 964 3584 1117 3633; x_wconf 84' lang='lat' dir='ltr'><strong>permanerent</strong></span> <span class='ocrx_word' id='word_1_452' title='bbox 1138 3578 1160 3623; x_wconf 87' lang='lat' dir='ltr'><strong>in</strong></span> 
     </span>
     <span class='ocr_line' id='line_1_51' title="bbox 211 3637 1158 3700; baseline 0.002 -16"><span class='ocrx_word' id='word_1_453' title='bbox 211 3638 324 3700; x_wconf 81' lang='lat' dir='ltr'><strong>quiquam</strong></span> <span class='ocrx_word' id='word_1_454' title='bbox 339 3638 470 3684; x_wconf 80' lang='lat' dir='ltr'><strong>intendisset</strong></span> <span class='ocrx_word' id='word_1_455' title='bbox 485 3638 508 3682; x_wconf 87' lang='lat' dir='ltr'><strong>in</strong></span> <span class='ocrx_word' id='word_1_456' title='bbox 524 3651 575 3682; x_wconf 87' lang='lat' dir='ltr'><strong>eum</strong></span> <span class='ocrx_word' id='word_1_457' title='bbox 587 3637 669 3690; x_wconf 87' lang='lat' dir='ltr'><strong>oculos,</strong></span> <span class='ocrx_word' id='word_1_458' title='bbox 700 3637 748 3690; x_wconf 74' lang='lat' dir='ltr'><strong>fide,</strong></span> <span class='ocrx_word' id='word_1_459' title='bbox 771 3644 794 3683; x_wconf 87' lang='lat' dir='ltr'><strong>et</strong></span> <span class='ocrx_word' id='word_1_460' title='bbox 810 3638 909 3682; x_wconf 79' lang='lat' dir='ltr'><strong>dicentes</strong></span> <span class='ocrx_word' id='word_1_461' title='bbox 926 3643 1028 3696; x_wconf 84' lang='lat' dir='ltr'><strong>oportere</strong></span> <span class='ocrx_word' id='word_1_462' title='bbox 1044 3652 1085 3698; x_wconf 82' lang='lat' dir='ltr'><strong>per</strong></span> <span class='ocrx_word' id='word_1_463' title='bbox 1102 3640 1158 3688; x_wconf 85' lang='lat' dir='ltr'><strong>mul·</strong></span> 
     </span>
     <span class='ocr_line' id='line_1_52' title="bbox 211 3699 1160 3766; baseline 0.002 -18"><span class='ocrx_word' id='word_1_464' title='bbox 211 3709 233 3748; x_wconf 79' lang='lat' dir='ltr'><strong>et</strong></span> <span class='ocrx_word' id='word_1_465' title='bbox 243 3703 339 3755; x_wconf 81' lang='lat' dir='ltr'><strong>vidisset,</strong></span> <span class='ocrx_word' id='word_1_466' title='bbox 350 3699 408 3762; x_wconf 84' lang='lat' dir='ltr'><strong>qudd</strong></span> <span class='ocrx_word' id='word_1_467' title='bbox 424 3700 490 3746; x_wconf 82' lang='lat' dir='ltr'><strong>tidem</strong></span> <span class='ocrx_word' id='word_1_468' title='bbox 506 3700 595 3746; x_wconf 82' lang='lat' dir='ltr'><strong>haberet</strong></span> <span class='ocrx_word' id='word_1_469' title='bbox 608 3715 632 3746; x_wconf 78' lang='lat' dir='ltr'><strong>ae</strong></span> <span class='ocrx_word' id='word_1_470' title='bbox 642 3700 668 3746; x_wconf 91' lang='lat' dir='ltr'><strong>li·</strong></span> <span class='ocrx_word' id='word_1_471' title='bbox 700 3709 735 3746; x_wconf 87' lang='lat' dir='ltr'><strong>tas</strong></span> <span class='ocrx_word' id='word_1_472' title='bbox 745 3699 874 3745; x_wconf 85' lang='lat' dir='ltr'><strong>afflictiones</strong></span> <span class='ocrx_word' id='word_1_473' title='bbox 885 3715 925 3745; x_wconf 90' lang='lat' dir='ltr'><strong>nos</strong></span> <span class='ocrx_word' id='word_1_474' title='bbox 937 3700 1022 3764; x_wconf 71' lang='lat' dir='ltr'><strong>{ngredi</strong></span> <span class='ocrx_word' id='word_1_475' title='bbox 1033 3701 1056 3747; x_wconf 91' lang='lat' dir='ltr'><strong>in</strong></span> <span class='ocrx_word' id='word_1_476' title='bbox 1067 3717 1160 3766; x_wconf 72' lang='lat' dir='ltr'><strong>regnum</strong></span> 
     </span>
     <span class='ocr_line' id='line_1_53' title="bbox 142 3763 753 3832; baseline -0.003 -20"><span class='ocrx_word' id='word_1_477' title='bbox 142 3796 146 3802; x_wconf 55' lang='grc' dir='ltr'><em>ι</em></span> <span class='ocrx_word' id='word_1_478' title='bbox 210 3763 353 3832; x_wconf 57' lang='lat' dir='ltr'><strong>hiantumiri,</strong></span> <span class='ocrx_word' id='word_1_479' title='bbox 704 3763 753 3810; x_wconf 81' lang='lat' dir='ltr'><strong>Dei.</strong></span> 
     </span>
    </p>
   </div>
   <div class='ocr_carea' id='block_1_8' title="bbox 0 0 1405 4320">
    <p class='ocr_par' dir='ltr' id='par_1_19' title="bbox 0 0 1405 4320">
     <span class='ocr_line' id='line_1_54' title="bbox 0 0 1405 4320; baseline 0 0"><span class='ocrx_word' id='word_1_480' title='bbox 0 0 1405 4320; x_wconf 95' lang='lat' dir='ltr'><strong> </strong></span> 
     </span>
    </p>
   </div>
  </div>
 </body>
</html>
