2734 4314
576 400 728 457 MARCUS,
751 401 801 448 xv

215 521 296 562 torem
300 512 398 577 suimet,
410 517 473 575 prou·
487 524 572 572 seurper
583 509 635 571 ipsis
643 506 677 554 la-
740 508 772 554 25
789 505 846 553 Erat
856 515 930 554 autem
944 509 998 554 bora
1009 516 1074 555 tertre
1084 509 1170 571 quaudo

215 587 279 623 cerat.
708 569 865 616 crucifixerunt
876 586 934 617 eum.

246 646 261 688 9
279 639 364 685 Pilatus
374 643 447 684 autem
463 636 576 697 respondit
591 635 630 689 eis,
642 634 676 681 di-
741 638 771 682 26
789 634 889 694 Eratque
899 633 1012 696 inscriptis
1029 635 1127 681 criminis
1137 635 1165 695 ip

214 717 273 756 cens,
285 702 360 748 Vultis
371 702 480 748 dimittam
489 701 551 746 vobis
562 714 638 761 regem
649 699 676 744 il·
708 697 754 743 sius
763 697 867 759 inscripta
875 699 995 753 diiambus,
1005 699 1077 746 liEX
1090 698 1169 745 ILLE

214 767 258 812 lum
270 765 285 814 J
288 766 406 812 udaeorum
415 765 426 809 2
710 759 934 808 IVDAEORVM.

248 834 278 876 10
295 829 395 876 Noverat
406 828 464 874 enim
477 842 527 872 eum
544 841 584 887 per
596 825 676 872 invidi-
740 828 770 872 27
799 823 965 872 Crucilixerunt
985 826 1051 872 etiam
1073 841 1124 874 cum
1145 841 1171 872 eo

214 909 248 940 am
264 894 367 940 traditum
383 891 451 938 fuisse
461 907 474 937 a
484 891 592 953 primariis
603 905 676 936 sacer-
708 887 764 934 duos
779 888 889 935 latronesr
909 905 977 935 urium
988 891 1017 935 ad
1027 889 1133 944 dextram.
1150 897 1171 934 et

214 959 307 1004 dotibus.
398 1002 400 1007 ,
708 953 1028 1015 alterumadsinistramejus.

249 1025 274 1066 ll
296 1020 397 1067 Primarii
408 1016 462 1066 verd
471 1017 596 1065 sacerdotes
602 1017 678 1064 eonci-
741 1020 771 1060 28
789 1016 821 1061 Et
837 1017 927 1078 impleta
942 1024 977 1062 est
993 1017 1100 1078 scriptura
1116 1031 1172 1077 quac
1221 1051 1226 1056 -

214 1085 288 1132 diunt
305 1086 398 1136 turbam,
420 1092 444 1130 ut
466 1079 540 1145 potids
555 1081 678 1128 Barabbam
707 1080 767 1134 dicit,
787 1079 820 1126 Et
841 1096 892 1126 oum
914 1080 1025 1128 sceleratis
1046 1088 1172 1128 numeratus

215 1151 266 1211 *psis
277 1149 405 1194 dimitteret.
708 1153 748 1190 est.

249 1217 277 1260 12
294 1212 360 1259 Tunc
373 1212 458 1258 Pilatus
475 1210 616 1272 respondens,
629 1224 677 1253 rur·
741 1212 772 1255 29
789 1207 836 1261 Qui
848 1203 901 1254 verri
908 1209 1053 1268 praeteribant
1061 1207 1172 1258 convicia·

214 1271 263 1324 turri
274 1277 329 1322 dixit
339 1277 378 1329 eis,
389 1276 450 1329 Quid
460 1291 515 1335 ergo
524 1274 591 1319 vultis
599 1274 677 1318 seciam
707 1273 787 1318 bantur
798 1273 824 1324 ei,
837 1279 952 1318 moventes
963 1272 1035 1333 capita
1044 1287 1090 1324 sua,
1101 1278 1124 1317 et
1140 1272 1174 1316 dr·

214 1341 256 1387 lsto
267 1356 333 1400 quem
345 1340 416 1386 dicitis
427 1353 502 1399 regem
514 1335 668 1385 Judaeorum?
707 1343 789 1388 centes,
802 1335 860 1388 vau,
872 1343 897 1382 tu
908 1337 945 1396 qui
956 1336 1050 1383 destruis
1061 1335 1173 1396 templum.

249 1407 277 1448 13
295 1402 340 1464 lpsi
353 1403 406 1448 verti
418 1415 504 1448 rursum
520 1401 677 1453 clamaverunt.
708 1407 731 1444 et
743 1400 814 1444 triduo
826 1399 933 1453 aedificas,

216 1465 397 1528 Crucifigceum.
740 1467 773 1508 50
793 1464 862 1508 Serva
879 1465 980 1524 teipsum,
997 1471 1020 1509 et
1037 1463 1144 1510 descende
1160 1478 1173 1509 e

249 1534 276 1575 14
297 1530 380 1575 l’ilatus
398 1538 471 1574 autem
490 1528 574 1574 dicebat
588 1528 625 1580 eis,
643 1526 677 1572 E·
709 1543 781 1573 cruce.

215 1596 315 1640 nimvero
330 1594 382 1653 quid
397 1593 448 1638 mali
462 1593 534 1637 fecit?
555 1591 590 1636 llli
604 1599 678 1637 autem
741 1595 769 1636 51
791 1591 896 1637 Similiter
906 1601 980 1637 autem
992 1599 1015 1637 et
1025 1591 1120 1651 prunarii
1137 1605 1173 1637 sa·

215 1656 307 1719 amplids
318 1657 475 1710 clamaverunt,
489 1655 602 1716 Crucifige
613 1670 671 1701 eum,
709 1655 810 1700 cerdotes
832 1655 954 1710 illudentes,
977 1656 1078 1701 dicebant
1094 1655 1128 1700 alii
1146 1655 1173 1700 ad

250 1726 278 1768 15
297 1721 381 1767 Pilatus
393 1721 461 1781 igitur
472 1719 549 1766 volens
558 1721 633 1765 turbae
642 1735 677 1764 sa-
709 1719 764 1764 alios
775 1734 826 1764 cum
838 1720 919 1774 scribis,
933 1719 1120 1774 Aliosservarit5
1137 1735 1173 1764 se-

215 1786 321 1836 tisfacere,
333 1786 415 1831 dimisit
426 1785 457 1831 eis
470 1783 599 1837 Barabbam,
607 1781 678 1831 etJe-
710 1784 781 1843 ipsum
793 1799 881 1829 servare
892 1798 937 1828 non
948 1791 1029 1844 potest.

215 1865 264 1896 sum
275 1849 410 1911 flagellatum
423 1849 510 1894 tradidit
522 1857 546 1894 ut
562 1847 678 1908 crucifige-
741 1851 773 1892 52
797 1845 900 1894 Christus
921 1847 957 1892 ille
974 1862 1013 1892 rex
1031 1845 1120 1892 lsra'elis
1135 1847 1171 1892 de

215 1927 282 1961 retur.
710 1911 800 1956 scendet
811 1927 870 1956 nunc
880 1927 894 1956 e
905 1926 976 1964 cruce,
989 1920 1012 1956 ut
1024 1911 1137 1956 videamus
1153 1917 1186 1956 et⁴

249 1982 278 2024 16
295 1977 380 2023 Milites
401 1973 453 2022 verd
472 1976 609 2021 abduxerunt
628 1990 679 2020 eum
710 1975 831 2020 credamus.
865 1973 1175 2034 thuicracilixierautcum

213 2041 272 2087 intra
290 2042 368 2093 aulam,
388 2041 411 2084 id
428 2047 468 2092 est,
487 2040 637 2100 praetorium3
657 2049 680 2083 et
710 2054 736 2082 co
749 2033 833 2098 pioluis
844 2039 967 2084 alliciebant
977 2054 1035 2084 eum.

215 2104 606 2150 convocaverunttotamcohortem.
741 2105 773 2146 55
802 2102 878 2155 Quum
901 2100 954 2148 verri
976 2102 1100 2148 advenisset
1122 2102 1175 2149 hors

249 2170 277 2214 17
295 2167 328 2213 Et
342 2168 460 2212 induerunt
476 2181 526 2211 eum
543 2162 681 2226 purpuriuet
710 2179 778 2215 sexta
805 2168 906 2211 tenebrae
933 2167 1004 2212 sactae
1031 2172 1082 2212 sunt
1109 2181 1175 2226 super

215 2233 419 2292 circumposuerunt
436 2231 456 2276 ei
473 2230 560 2291 plexam
574 2245 679 2276 coronam
709 2235 779 2274 totam
792 2231 904 2291 regionem
917 2246 985 2290 usque
996 2229 1023 2276 ad
1040 2231 1116 2276 horam
1133 2245 1174 2274 ιιο·

216 2311 330 2356 spineam:
710 2309 768 2339 nam.

250 2363 278 2404 18
296 2359 328 2405 Et
339 2365 459 2419 cocpcmnt
466 2373 520 2404 eum
529 2358 630 2412 salutare,
642 2360 679 2403 di·
741 2361 774 2402 54
791 2357 823 2403 Et
844 2355 898 2403 lrorri
915 2355 973 2403 noni
989 2357 1092 2404 clamavit
1109 2356 1175 2404 Jesus

215 2432 295 2478 cautes,
308 2426 366 2477 Ave,
379 2435 418 2468 rex
429 2423 445 2470 J
446 2423 572 2468 udaeorum.
709 2437 764 2468 voce
773 2419 861 2482 magnai,
871 2422 952 2474 dicens,
971 2421 1032 2475 Elol,
1045 2421 1104 2474 Elui,
1114 2421 1175 2467 lama

251 2492 279 2535 19
297 2488 329 2533 Et
339 2488 483 2533 verberabant
498 2488 545 2547 ejus
560 2493 626 2546 caput
642 2501 678 2531 ca·
710 2485 866 2531 sabachthani?
889 2486 948 2545 quod
966 2497 1007 2545 est,
1025 2485 1092 2545 siquis
1106 2485 1174 2530 inter·

151 2575 157 2585 ·
216 2552 280 2604 lamo,
295 2558 318 2596 et
334 2552 465 2610 inspuebant
477 2551 499 2594 in
513 2565 570 2602 eum,
585 2565 610 2594 ac
627 2551 678 2594 sub·
709 2557 813 2609 pretetur,
827 2549 892 2595 Deus
904 2550 940 2603 mi,
954 2547 1019 2594 Deus
1034 2549 1070 2604 mi,
1083 2565 1123 2594 cur
1139 2564 1175 2594 me

217 2616 288 2660 missis
298 2615 391 2674 genibus
402 2614 521 2660 adorabant
529 2624 587 2658 eum.
711 2613 847 2659 deseruisti?

248 2682 279 2722 20
297 2678 374 2730 Quum
386 2684 459 2722 autem
470 2677 589 2722 illusissent
600 2676 626 2730 ei,
639 2691 679 2722 ex·
742 2680 774 2723 35
792 2677 824 2724 Et
842 2677 930 2736 quidam
950 2677 1089 2729 adstantium,
1106 2691 1174 2737 quum

216 2747 295 2787 uerunt
316 2755 367 2785 eum
393 2736 495 2800 purpuria,
517 2747 541 2785 et
562 2740 680 2786 induerunt
710 2741 947 2796 audissentdicebant,
961 2739 1028 2794 Ecce,
1045 2740 1120 2786 Elium
1133 2755 1172 2786 vo·

216 2820 266 2850 eum
286 2805 331 2849 suis
349 2804 417 2863 ipsius
434 2803 578 2858 vestimentis,
595 2805 679 2850 eduxe-
710 2812 752 2850 eat.

217 2880 310 2927 runtque
321 2873 346 2912 ut
356 2865 510 2927 crucifigerent
521 2883 579 2912 eum.
741 2873 774 2916 56
792 2867 897 2916 Cucurrit
907 2875 980 2914 autem
992 2867 1087 2928 quidam,
1099 2875 1122 2914 et
1132 2867 1175 2912 im·

248 2935 275 2977 21
297 2931 415 2977 Praeterea
425 2927 568 2992 angariarum
581 2937 679 2993 praeter·
710 2930 769 2993 pleat
784 2930 877 2994 spongiis
893 2939 963 2985 aceto,
975 2941 997 2977 et
1012 2932 1119 2978 arundine
1132 2931 1174 2977 cir·

215 3003 305 3042 euntem
316 2995 425 3056 quendam
438 2995 552 3041 Simonem
565 2993 679 3055 Cyrenae·
710 2994 839 3057 compositi,
848 2997 908 3043 dedit
918 2997 937 3042 ei
950 3003 1034 3057 potum,
1043 2996 1125 3049 dicens,
1139 2996 1175 3041 si·

217 3077 261 3115 rim,
284 3061 409 3107 venientem
432 3075 488 3113 rure,
504 3068 588 3120 patrem
608 3060 679 3106 Alex·
711 3061 771 3116 nite3
796 3061 911 3107 videamus
930 3075 957 3106 an
976 3061 1050 3106 veniat
1070 3059 1132 3106 Elias
1148 3059 1181 3115 ιδ,

217 3125 277 3171 andri
299 3133 322 3172 et
344 3123 404 3176 uua
426 3132 451 3170 ut
466 3124 576 3170 attolleret
592 3139 680 3170 crucem
710 3124 938 3170 eumdetrabendum.

216 3191 270 3250 ejus.
677 3211 681 3218 ·
743 3190 775 3234 at
792 3186 848 3236 Jesu
859 3185 913 3234 verri
929 3183 1009 3234 emissi
1025 3201 1080 3232 voce
1095 3184 1176 3248 anagni

249 3257 280 3298 22
306 3252 467 3312 Duxeruntque
488 3267 540 3297 eum
562 3252 585 3296 in
606 3251 680 3298 locum
712 3252 827 3312 expiravit

218 3317 345 3377 Golgotha3
362 3317 422 3376 quod
432 3323 473 3370 est,
490 3315 508 3361 si
525 3316 681 3376 interpreteris,
744 3320 776 3361 58
796 3315 828 3362 Et
847 3315 947 3362 aulaeum
963 3314 1038 3376 templi
1053 3313 1130 3360 lissum
1145 3322 1176 3360 est

218 3379 333 3428 Calvariae
344 3381 412 3426 locus.
712 3377 735 3424 iu
755 3380 809 3426 duas
827 3388 906 3440 partes,
926 3394 940 3425 a
958 3394 1047 3426 summo
1066 3393 1135 3438 usquc
1149 3385 1176 3426 ad

250 3448 281 3490 25
298 3444 330 3490 Et
341 3442 605 3490 dedemnteibibendum
619 3457 666 3502 mys
712 3457 789 3489 rmum.

218 3508 304 3554 rhatum
316 3508 405 3554 vinum:
425 3507 472 3568 ipse
483 3503 536 3552 verd
548 3520 592 3551 non
604 3521 681 3568 sump-
744 3511 777 3554 39
794 3507 871 3560 Quum
882 3507 973 3552 vidisset
984 3513 1058 3552 autem
1069 3506 1176 3554 centurio.

218 3573 253 3618 tit.
712 3572 749 3632 qui
760 3572 858 3617 adstabat
870 3571 909 3632 ipsi
920 3585 948 3617 ex
965 3571 1065 3623 adverso,
1080 3583 1131 3616 cum
1148 3570 1176 3618 ita

218 3639 226 3644 '
250 3637 279 3678 24
301 3633 421 3694 Quumque
442 3632 603 3680 crucifixissent
623 3649 681 3688 eum,
713 3634 794 3681 emisso
805 3635 901 3681 clamore
911 3631 1030 3694 expirdsse,
1041 3634 1103 3688 dixit,
1116 3629 1175 3680 ven*

218 3697 290 3758 partiti
318 3704 371 3742 suot
391 3699 524 3744 vestimenta
544 3698 598 3758 ejus,
622 3694 683 3758 jactd
712 3699 833 3746 bomoiste
845 3697 972 3744 Filiuserat
985 3697 1038 3744 Dei.

219 3773 277 3808 nure
288 3773 396 3820 superea,
407 3759 518 3818 quiequid
530 3759 617 3806 tolleret
746 3766 778 3804 to
794 3761 866 3808 Erant
878 3771 950 3808 autem
961 3762 1028 3808 mum
1037 3759 1174 3808 etmulierea
