2720 4312
459 407 480 450 2
493 402 544 450 AD
560 401 781 458 CORINTHIOS,
799 399 845 450 XI.

159 525 210 556 nur
221 525 265 556 nos
277 513 412 573 pervenisse
424 509 452 555 ed
463 525 504 556 vos
514 510 581 556 etiem
597 524 636 554 us·
698 513 713 554 8
729 507 793 555 Alias
804 507 907 556 ecclesias
923 509 1022 568 spoliavi,
1039 525 1128 575 accepsu

68 573 71 583 ¹
161 588 208 630 que.
665 573 694 618 ob
705 574 737 620 eis
748 573 863 634 stipendio,
873 579 898 618 ut
908 574 971 620 robis
982 575 1126 623 inservirem:

194 641 224 683 14
240 635 300 683 Non
308 638 370 682 enim
380 643 406 682 ut
415 637 433 682 si
443 651 487 682 non
497 637 635 696 pervenisse·
665 643 688 682 et
698 650 766 697 quum
777 637 835 697 apud
846 653 887 683 ros
902 653 974 684 essem
991 647 1015 684 et
1031 655 1130 701 egerem,

159 715 210 747 mus
220 716 296 761 usque
307 702 336 746 ed
348 717 397 754 vos,
410 700 551 746 extendimus
561 702 635 762 nosip-
666 715 711 746 non
723 701 824 762 obtorpui
835 716 886 746 curn
897 703 1025 764 cujusquam
1042 703 1127 751 ierom.

161 780 197 812 sos
212 765 274 811 ultra
291 762 360 824 quim
380 765 473 810 deceat:
498 779 636 825 nemusque
665 764 738 810 modo.

161 829 188 874 sd
199 845 242 875 vos
253 830 325 874 etiam
336 829 481 890 pervenimus
498 828 521 873 in
537 843 635 889 evange·
698 833 713 875 9
730 824 798 881 Quod
808 827 868 874 enirn
885 844 921 874 me
938 829 1057 883 deficiebat,
1076 847 1127 892 sup-

160 893 190 938 ho
203 891 301 940 Christi.
664 891 782 952 pleverunt
798 891 883 946 iratres,
901 908 968 952 quum
987 895 1099 941 uenissent
1115 911 1128 942 e

197 960 226 1004 15
245 955 398 1016 Nequsquam
412 956 440 1002 de
457 955 483 1000 iis
499 952 555 1015 quae
571 971 634 1001 men·
666 952 815 1000 Macedoniis:
837 963 860 1001 et
871 955 893 1000 in
903 957 1127 1018 omnibusmeprse·

162 1035 228 1068 surae
242 1028 340 1066 nostroe
351 1035 396 1064 non
409 1027 462 1065 sunt
471 1019 598 1080 gloriantes,
611 1021 636 1066 id
666 1018 711 1063 stiti
722 1019 785 1064 vobis
796 1014 888 1064 minue
897 1034 1021 1073 onerosum,
1033 1029 1055 1066 et
1063 1037 1128 1082 proe-

162 1093 201 1139 ert,
225 1085 255 1130 de
275 1083 354 1129 alienis
372 1083 499 1138 loboribus3
527 1083 566 1128 sed
584 1098 635 1143 spe-
665 1082 734 1128 stabo.

162 1156 246 1201 ventes,
259 1147 317 1208 fore
326 1154 353 1192 ut
364 1154 498 1208 augescente
509 1145 552 1192 lide
562 1144 636 1193 vestri
701 1147 731 1190 10
747 1145 791 1191 list
800 1146 880 1192 veritas
893 1143 976 1193 Christi
985 1147 1007 1192 in
1017 1162 1059 1200 me,
1070 1147 1128 1207 anid

167 1226 185 1260 st
214 1212 283 1258 vobis
308 1210 467 1271 enrplilicemur
488 1211 511 1255 in
533 1209 637 1256 attributi
665 1209 719 1272 haec
727 1209 830 1269 gloriatio
839 1224 883 1254 non
893 1211 1017 1256 obstruetur
1028 1210 1129 1260 inmeis

166 1277 229 1322 aubis
241 1272 322 1320 nostri
332 1271 436 1320 mensuri
447 1273 545 1320 ulterius.
666 1273 793 1333 regionibus
806 1273 910 1318 Achaiae.

200 1343 231 1386 16
252 1341 283 1385 Id
291 1346 329 1392 est,
337 1346 362 1384 ut
370 1339 393 1383 iu
402 1339 428 1384 iis
436 1338 568 1399 regionibus,
580 1353 636 1398 quse
701 1339 726 1382 ll
747 1336 906 1398 Quapropter?
925 1353 957 1383 an
968 1335 1027 1398 qudd
1038 1353 1082 1384 uon
1094 1340 1127 1385 di·

166 1403 226 1448 ultre
237 1417 281 1448 vos
288 1409 348 1455 mni,
357 1402 526 1462 evangelizem:
546 1417 591 1446 non
603 1405 635 1455 rit,
665 1399 733 1461 ligam
744 1400 803 1446 uos?
823 1400 888 1446 Deus
899 1401 968 1446 novit.

166 1467 190 1512 in
201 1467 268 1512 alteri
280 1463 383 1511 attributi
400 1463 509 1521 mensuri,
527 1465 555 1510 de
571 1481 634 1526 prae·
700 1467 729 1510 12
746 1465 791 1511 Sed
801 1465 860 1524 quod
871 1465 934 1519 focio,
951 1465 1017 1512 etiem
1030 1465 1127 1523 sscisms

166 1531 251 1592 peratis
262 1529 389 1590 gloriemur.
667 1535 691 1573 ut
702 1537 813 1589 onrputem
825 1530 963 1576 occasionem
974 1530 1000 1576 iis
1011 1531 1048 1591 qui
1057 1547 1126 1594 exop-

203 1598 232 1641 17
253 1590 371 1641 Caeterum
380 1593 417 1654 qui
426 1593 540 1654 gloriatur,
550 1593 572 1637 in
582 1591 634 1638 Do·
665 1599 712 1638 tent
724 1594 867 1647 occasionem,
884 1602 908 1639 ut
919 1594 942 1640 in
952 1597 1065 1656 sedeque
1075 1597 1126 1657 glo-

167 1659 231 1704 mino
242 1657 356 1718 glorietur.
666 1656 755 1710 riantur,
768 1657 903 1717 reperiantur
914 1658 989 1717 quales
1000 1666 1023 1708 et
1034 1674 1083 1704 nos.

204 1726 235 1767 18
253 1721 307 1766 Non
323 1721 382 1766 euim
400 1719 436 1779 qni
457 1721 552 1780 seipsum
572 1735 634 1766 com·
701 1724 729 1765 13
747 1719 807 1766 Nem
825 1721 946 1766 istiusmodi
964 1722 1126 1784 pseudo-epos·

169 1786 267 1838 mendet,
284 1784 303 1830 is
316 1785 420 1845 probatus
431 1791 471 1836 est,
489 1784 528 1828 sed
539 1784 557 1828 is
568 1799 634 1843 quern
665 1784 711 1836 toli,
731 1783 823 1844 operarii
842 1783 912 1828 dolosi
930 1791 988 1836 sunt,
1007 1787 1125 1846 transfigu-

172 1849 286 1894 Dominus
296 1849 442 1894 commendat.
497 1872 500 1884 ·
668 1855 739 1892 'antes
751 1846 808 1891 sein
818 1847 930 1906 apostolos
941 1844 1031 1893 Christi.

337 1942 339 1947 f
699 1913 729 1954 14
746 1909 827 1969 Neque
844 1909 867 1954 id
883 1909 979 1964 mirum3
1004 1910 1050 1971 ipse
1067 1911 1125 1957 enirn

292 1983 298 1993 ’
337 1973 410 2022 CAP.
431 1973 475 2020 Xl.
666 1973 759 2020 Satanas
778 1988 802 2019 so
821 1973 963 2034 transfigurat
982 1969 1005 2019 io
1022 1974 1125 2036 angelum

210 2038 351 2148 ῙΤΙΝΑΜ
378 2039 500 2084 toleraretis
526 2038 635 2098 paulisper
665 2037 727 2084 lucis.

172 2044 203 2157 Ι
247 2103 397 2164 desipientiam
408 2119 497 2148 ossum:
518 2100 634 2148 imdetiam
699 2104 728 2148 15
750 2100 804 2148 Non
826 2116 933 2162 magnum
955 2109 989 2147 est
1010 2101 1085 2163 igitur,
1108 2101 1126 2150 si

173 2168 263 2213 tolerate
273 2182 316 2212 me.
664 2166 730 2211 etiarn
748 2166 795 2226 eJus
814 2167 907 2210 ministri
927 2165 1085 2227 transfigurant
1103 2182 1127 2214 ss

204 2236 219 2275 2
236 2231 317 2287 Ambio
328 2231 387 2275 eninr
403 2245 440 2274 sos
452 2228 498 2274 Dei
515 2226 633 2290 zelotypiri.
665 2237 768 2288 tanquam
779 2230 825 2274 sint
842 2229 934 2274 ministri
947 2231 1052 2290 Justitise,
1069 2245 1125 2290 quo·

174 2296 254 2355 Aptari
265 2310 324 2340 enrm
342 2308 461 2352 eosquos
479 2293 516 2338 uni
535 2293 590 2346 viro,
608 2301 634 2339 ut
665 2308 714 2338 rum
726 2293 775 2338 linis
788 2294 831 2337 erit
847 2290 967 2337 secundino
985 2308 1052 2353 opere
1067 2294 1126 2354 ipso·

174 2360 280 2419 virginem
287 2373 363 2420 puram
373 2359 455 2411 sistam,
465 2371 545 2414 nempe
554 2355 633 2404 Chris·
665 2371 722 2401 rum.

173 2435 201 2467 ro.
699 2422 728 2465 16
745 2419 844 2465 Rursum
855 2418 911 2471 dico.
930 2417 1007 2478 nequis
1018 2433 1054 2464 me
1065 2428 1127 2480 putet

202 2490 218 2531 5
235 2486 279 2532 Sed
290 2493 373 2538 metuo,
390 2499 474 2543 nequo
486 2483 559 2537 modo,
577 2483 634 2530 sicut
664 2482 807 2544 desipientem
818 2497 880 2527 esse:
899 2482 995 2542 aloquin
1007 2483 1043 2528 vel
1054 2483 1126 2530 utde-

134 2581 137 2590 ,
173 2565 259 2610 serpeus
276 2549 313 2595 ille
330 2549 404 2594 Evam
419 2547 507 2593 seduxit
517 2547 635 2593 calliditate
664 2547 779 2608 sipientem
799 2546 888 2606 recipite
906 2561 949 2599 me,
971 2553 996 2592 ut
1014 2546 1126 2608 paululum

173 2613 216 2667 sui,
228 2614 259 2659 ita
269 2622 385 2674 corniptae
395 2619 482 2657 mentes
493 2619 579 2657 vestrae
594 2613 633 2656 de·
664 2611 766 2671 quiddam
778 2617 800 2656 et
810 2625 854 2670 ego
867 2610 956 2672 glorier.

173 2685 275 2736 gererem
293 2693 308 2724 a
324 2675 464 2736 simplicitate
483 2691 539 2735 quae
558 2683 592 2721 est
611 2675 633 2721 in
699 2678 727 2721 17
745 2673 813 2728 Quod
824 2675 879 2729 dico,
892 2689 936 2721 non
948 2675 997 2722 dico
1006 2672 1126 2723 secundulus

173 2739 270 2788 Christo.
664 2737 797 2794 Dominum,
809 2739 849 2785 sed
857 2746 881 2786 ut
890 2740 1004 2801 desipiens.
1017 2741 1039 2785 in
1048 2739 1127 2802 praefi·

202 2809 218 2850 4
234 2805 358 2852 Enimvero
370 2803 387 2849 si
399 2803 473 2849 veniat
487 2802 524 2862 qui
540 2802 633 2848 alterurn
663 2803 730 2848 dente
740 2801 781 2849 isti
791 2804 930 2864 gloriatione.
1087 2809 1089 2813 ’

172 2866 249 2914 Jesum
268 2869 379 2930 praedicet
397 2881 463 2926 quem
482 2881 528 2912 non
547 2867 632 2926 praedi·
697 2870 726 2912 18
747 2867 931 2928 Quandoquidem
947 2867 1010 2913 multi
1028 2867 1126 2928 glorien-

171 2933 299 2986 saverimus,
319 2939 357 2978 eut
375 2933 397 2976 εἰ
416 2929 522 2990 Spiritum
541 2931 633 2975 alterum
663 2936 699 2975 tur
718 2929 838 2976 secundrlm
855 2946 950 2983 carnem,
962 2940 984 2976 et
999 2946 1042 2991 ego
1056 2932 1126 2991 glon'-

92 3035 95 3040 .
172 2996 281 3057 accipistis
297 3010 363 3056 quem
381 2997 426 3040 u‘on
444 2994 578 3054 acceperitis,
596 3002 634 3040 eut
663 2995 722 3039 abor.

172 3060 310 3120 evangelium
324 3059 417 3104 elterunr
433 3058 493 3117 quod
510 3073 555 3102 non
572 3073 633 3102 rece-
698 3060 727 3103 19
745 3055 850 3102 Libenter
860 3055 919 3099 enirn
936 3054 1034 3100 toleratis
1045 3054 1125 3117 desipi-

172 3125 251 3185 peritis,
263 3119 324 3169 reete
335 3123 400 3168 illum
412 3121 564 3167 toleraveritis.
663 3129 732 3172 entes,
744 3116 802 3178 qudd
813 3118 861 3162 sitis
872 3118 988 3177 sopientes.

202 3191 218 3234 5
235 3187 295 3233 Puto
306 3186 366 3232 enim
377 3201 413 3230 me
425 3185 493 3230 nihilo
509 3183 633 3230 inferiorern
696 3187 727 3228 20
743 3181 853 3227 'soleretis
869 3181 934 3233 enirn,
953 3180 1020 3239 siquis
1042 3195 1082 3227 ros
1104 3183 1124 3228 in

173 3249 238 3297 tuoe
249 3251 342 3296 summis
353 3249 465 3310 apostolis.
663 3247 792 3292 servitutem
810 3245 885 3304 adigit,
910 3243 977 3303 siquis
995 3243 1076 3297 exedit,
1096 3246 1125 3292 si.

202 3319 217 3361 6
235 3312 303 3368 Quod
315 3313 333 3359 si
345 3313 405 3358 rudis
413 3327 461 3358 sum
471 3326 579 3363 sermone,
589 3326 633 3356 non
664 3310 712 3370 quis
722 3309 861 3367 stipendium
872 3307 956 3368 accipit,
969 3306 1036 3366 siquis
1046 3309 1124 3356 attollit

173 3385 244 3424 temen
252 3393 303 3423 sum
312 3378 377 3422 rudis
387 3374 478 3421 notitiis
498 3371 634 3420 sedomnind
664 3389 718 3426 sese,
731 3372 798 3432 siquis
809 3387 849 3418 vos
860 3372 882 3416 in
895 3371 973 3416 faciem
985 3371 1063 3417 caedit

172 3441 281 3488 manifesti
290 3441 341 3486 fecti
352 3455 428 3485 smnus
436 3440 458 3485 irs
468 3439 568 3485 omnibus
577 3438 634 3498 apud
697 3440 724 3482 21
745 3433 860 3489 Quantrlm
869 3436 896 3480 ad
905 3435 1060 3480 contumeliam
1072 3436 1126 3490 dico

173 3518 219 3550 sos.
665 3500 727 3546 sicuti
739 3497 797 3558 qudd
814 3514 854 3543 nos
870 3497 950 3542 infirmi
965 3497 1063 3544 luimust
1082 3499 1126 3548 land

203 3572 217 3615 7
235 3567 299 3615 Num
318 3567 414 3626 peccavi,
436 3580 505 3625 quum
526 3564 633 3625 meipsum
665 3565 687 3608 in
698 3578 829 3622 quocunque
844 3558 934 3606 audaciis
945 3562 976 3606 uti
986 3562 1040 3607 velit
1051 3563 1127 3624 aliquis

146 3661 156 3683 μ
172 3632 329 3683 submitterem,
348 3637 373 3675 ut
387 3645 428 3675 vos
438 3629 592 3681 eveheremini,
609 3630 634 3673 iri
666 3627 703 3688 (ut
718 3625 827 3686 desipiens
841 3622 931 3685 loquor)
948 3624 1038 3673 aulacis
1051 3635 1074 3674 et
1084 3643 1125 3690 ego

170 3705 208 3748 ess,
230 3691 291 3756 quod
313 3688 410 3753 gratuiti
432 3692 571 3754 evangelium
588 3690 634 3738 Dei
669 3689 783 3736 stivelim.

171 3757 327 3820 evergelizssi
338 3753 420 3802 vobis?
698 3755 729 3798 22
746 3750 844 3799 llebrsei
851 3757 902 3798 sunt
912 3751 921 3796 i
932 3768 981 3799 mm
990 3761 1013 3800 et
1019 3769 1061 3817 ega
1071 3771 1076 3802 r
1092 3751 1117 3802 1·

385 3821 433 3868 209
