<?xml version="1.0" encoding="UTF-8"?>
<!DOCTYPE html PUBLIC "-//W3C//DTD XHTML 1.0 Transitional//EN"
    "http://www.w3.org/TR/xhtml1/DTD/xhtml1-transitional.dtd">
<html xmlns="http://www.w3.org/1999/xhtml" xml:lang="en" lang="en">
 <head>
  <title>
</title>
<meta http-equiv="Content-Type" content="text/html;charset=utf-8" />
  <meta name='ocr-system' content='tesseract 3.04.00' />
  <meta name='ocr-capabilities' content='ocr_page ocr_carea ocr_par ocr_line ocrx_word'/>
</head>
<body>
  <div class='ocr_page' id='page_1' title='image "./novumtestamentu03unkngoog_0294.png"; bbox 0 0 2720 4312; ppageno 0'>
   <div class='ocr_carea' id='block_1_1' title="bbox 446 397 955 456">
    <p class='ocr_par' dir='ltr' id='par_1_1' title="bbox 446 397 955 456">
     <span class='ocr_line' id='line_1_1' title="bbox 446 397 955 456; baseline -0.004 -6"><span class='ocrx_word' id='word_1_1' title='bbox 446 398 608 450; x_wconf 78' lang='lat' dir='ltr'>-JOANNIS</span> <span class='ocrx_word' id='word_1_2' title='bbox 625 397 862 456; x_wconf 83' lang='lat' dir='ltr'><strong>APOCALYPSIS,</strong></span> <span class='ocrx_word' id='word_1_3' title='bbox 885 399 955 448; x_wconf 81' lang='lat' dir='ltr'><strong>xlv.</strong></span> 
     </span>
    </p>
   </div>
   <div class='ocr_carea' id='block_1_2' title="bbox 232 506 1184 760">
    <p class='ocr_par' dir='ltr' id='par_1_2' title="bbox 232 506 1182 632">
     <span class='ocr_line' id='line_1_2' title="bbox 233 506 1182 572; baseline -0.003 -14"><span class='ocrx_word' id='word_1_4' title='bbox 233 510 297 564; x_wconf 75' lang='lat' dir='ltr'><strong>terri,</strong></span> <span class='ocrx_word' id='word_1_5' title='bbox 311 509 419 572; x_wconf 82' lang='lat' dir='ltr'><strong>accipient</strong></span> <span class='ocrx_word' id='word_1_6' title='bbox 434 508 582 555; x_wconf 77' lang='lat' dir='ltr'><strong>characterem</strong></span> <span class='ocrx_word' id='word_1_7' title='bbox 593 506 616 552; x_wconf 86' lang='lat' dir='ltr'><strong>in</strong></span> <span class='ocrx_word' id='word_1_8' title='bbox 627 521 694 553; x_wconf 86' lang='lat' dir='ltr'><strong>manu</strong></span> <span class='ocrx_word' id='word_1_9' title='bbox 724 506 767 552; x_wconf 87' lang='lat' dir='ltr'><strong>tiae</strong></span> <span class='ocrx_word' id='word_1_10' title='bbox 778 506 917 553; x_wconf 73' lang='lat' dir='ltr'><strong>scortationis</strong></span> <span class='ocrx_word' id='word_1_11' title='bbox 928 523 981 554; x_wconf 89' lang='lat' dir='ltr'><strong>suae</strong></span> <span class='ocrx_word' id='word_1_12' title='bbox 991 508 1112 569; x_wconf 86' lang='lat' dir='ltr'><strong>potandum</strong></span> <span class='ocrx_word' id='word_1_13' title='bbox 1122 525 1182 572; x_wconf 74' lang='lat' dir='ltr'><strong>prac-</strong></span> 
     </span>
     <span class='ocr_line' id='line_1_3' title="bbox 232 570 1004 632; baseline -0.008 -9"><span class='ocrx_word' id='word_1_14' title='bbox 232 571 272 622; x_wconf 65' lang='lat' dir='ltr'><strong>stth</strong></span> <span class='ocrx_word' id='word_1_15' title='bbox 282 571 365 626; x_wconf 71' lang='lat' dir='ltr'><strong>dextri,</strong></span> <span class='ocrx_word' id='word_1_16' title='bbox 377 580 415 619; x_wconf 90' lang='lat' dir='ltr'><strong>aut</strong></span> <span class='ocrx_word' id='word_1_17' title='bbox 425 573 448 618; x_wconf 88' lang='lat' dir='ltr'><strong>in</strong></span> <span class='ocrx_word' id='word_1_18' title='bbox 459 572 567 618; x_wconf 84' lang='lat' dir='ltr'><strong>frontibus</strong></span> <span class='ocrx_word' id='word_1_19' title='bbox 578 572 637 617; x_wconf 71' lang='lat' dir='ltr'><strong>suist</strong></span> <span class='ocrx_word' id='word_1_20' title='bbox 724 570 771 616; x_wconf 91' lang='lat' dir='ltr'><strong>huit</strong></span> <span class='ocrx_word' id='word_1_21' title='bbox 782 571 883 616; x_wconf 89' lang='lat' dir='ltr'><strong>omnibus</strong></span> <span class='ocrx_word' id='word_1_22' title='bbox 893 573 1004 632; x_wconf 85' lang='lat' dir='ltr'><strong>gentibus.</strong></span> 
     </span>
    </p>

    <p class='ocr_par' dir='ltr' id='par_1_3' title="bbox 232 633 1184 760">
     <span class='ocr_line' id='line_1_4' title="bbox 267 633 1184 697; baseline -0.002 -13"><span class='ocrx_word' id='word_1_23' title='bbox 267 641 295 685; x_wconf 81' lang='lat'><strong>17</strong></span> <span class='ocrx_word' id='word_1_24' title='bbox 313 637 345 683; x_wconf 86' lang='lat' dir='ltr'><strong>Et</strong></span> <span class='ocrx_word' id='word_1_25' title='bbox 352 636 429 697; x_wconf 84' lang='lat' dir='ltr'><strong>aequis</strong></span> <span class='ocrx_word' id='word_1_26' title='bbox 435 636 504 696; x_wconf 90' lang='lat' dir='ltr'><strong>possit</strong></span> <span class='ocrx_word' id='word_1_27' title='bbox 512 651 585 681; x_wconf 89' lang='lat' dir='ltr'><strong>emere</strong></span> <span class='ocrx_word' id='word_1_28' title='bbox 593 643 631 680; x_wconf 80' lang='lat' dir='ltr'><strong>aot</strong></span> <span class='ocrx_word' id='word_1_29' title='bbox 639 649 693 680; x_wconf 84' lang='lat' dir='ltr'><strong>ren-</strong></span> <span class='ocrx_word' id='word_1_30' title='bbox 759 639 774 680; x_wconf 83' lang='lat'><strong>9</strong></span> <span class='ocrx_word' id='word_1_31' title='bbox 791 633 823 679; x_wconf 90' lang='lat' dir='ltr'><strong>Et</strong></span> <span class='ocrx_word' id='word_1_32' title='bbox 831 635 908 680; x_wconf 86' lang='lat' dir='ltr'><strong>tertius</strong></span> <span class='ocrx_word' id='word_1_33' title='bbox 922 635 1014 697; x_wconf 80' lang='lat' dir='ltr'><strong>angelus</strong></span> <span class='ocrx_word' id='word_1_34' title='bbox 1030 643 1136 695; x_wconf 80' lang='lat' dir='ltr'><strong>sequutus</strong></span> <span class='ocrx_word' id='word_1_35' title='bbox 1153 647 1184 684; x_wconf 84' lang='lat' dir='ltr'><strong>cst</strong></span> 
     </span>
     <span class='ocr_line' id='line_1_5' title="bbox 232 696 1183 760; baseline -0.001 -13"><span class='ocrx_word' id='word_1_36' title='bbox 232 701 290 754; x_wconf 84' lang='lat' dir='ltr'><strong>dere,</strong></span> <span class='ocrx_word' id='word_1_37' title='bbox 305 703 347 747; x_wconf 87' lang='lat' dir='ltr'><strong>uisi</strong></span> <span class='ocrx_word' id='word_1_38' title='bbox 360 701 396 760; x_wconf 93' lang='lat' dir='ltr'><strong>qui</strong></span> <span class='ocrx_word' id='word_1_39' title='bbox 410 701 487 746; x_wconf 89' lang='lat' dir='ltr'><strong>habeat</strong></span> <span class='ocrx_word' id='word_1_40' title='bbox 498 697 645 744; x_wconf 88' lang='lat' dir='ltr'><strong>characterem</strong></span> <span class='ocrx_word' id='word_1_41' title='bbox 657 705 695 743; x_wconf 90' lang='lat' dir='ltr'><strong>aut</strong></span> <span class='ocrx_word' id='word_1_42' title='bbox 726 697 781 751; x_wconf 87' lang='lat' dir='ltr'><strong>illos,</strong></span> <span class='ocrx_word' id='word_1_43' title='bbox 799 699 874 743; x_wconf 82' lang='lat' dir='ltr'><strong>dicens</strong></span> <span class='ocrx_word' id='word_1_44' title='bbox 883 714 937 744; x_wconf 86' lang='lat' dir='ltr'><strong>voce</strong></span> <span class='ocrx_word' id='word_1_45' title='bbox 949 696 1036 759; x_wconf 81' lang='lat' dir='ltr'><strong>magnai,</strong></span> <span class='ocrx_word' id='word_1_46' title='bbox 1049 700 1122 759; x_wconf 82' lang='lat' dir='ltr'>Siquis</span> <span class='ocrx_word' id='word_1_47' title='bbox 1133 701 1183 746; x_wconf 72' lang='lat' dir='ltr'><strong>ado</strong></span> 
     </span>
    </p>
   </div>
   <div class='ocr_carea' id='block_1_3' title="bbox 227 761 1242 3854">
    <p class='ocr_par' dir='ltr' id='par_1_4' title="bbox 232 761 1187 890">
     <span class='ocr_line' id='line_1_6' title="bbox 233 761 1186 824; baseline -0.001 -13"><span class='ocrx_word' id='word_1_48' title='bbox 233 781 313 812; x_wconf 86' lang='lat' dir='ltr'><strong>nomeu</strong></span> <span class='ocrx_word' id='word_1_49' title='bbox 325 765 412 818; x_wconf 83' lang='lat' dir='ltr'><strong>bestiae,</strong></span> <span class='ocrx_word' id='word_1_50' title='bbox 424 771 462 808; x_wconf 88' lang='lat' dir='ltr'><strong>aut</strong></span> <span class='ocrx_word' id='word_1_51' title='bbox 473 777 589 808; x_wconf 87' lang='lat' dir='ltr'><strong>uumerunr</strong></span> <span class='ocrx_word' id='word_1_52' title='bbox 599 763 694 808; x_wconf 85' lang='lat' dir='ltr'><strong>nominis</strong></span> <span class='ocrx_word' id='word_1_53' title='bbox 727 761 807 806; x_wconf 86' lang='lat' dir='ltr'><strong>raverit</strong></span> <span class='ocrx_word' id='word_1_54' title='bbox 818 763 908 807; x_wconf 89' lang='lat' dir='ltr'><strong>bestiam</strong></span> <span class='ocrx_word' id='word_1_55' title='bbox 920 770 943 809; x_wconf 91' lang='lat' dir='ltr'><strong>et</strong></span> <span class='ocrx_word' id='word_1_56' title='bbox 959 763 1078 823; x_wconf 82' lang='lat' dir='ltr'>imaginem</span> <span class='ocrx_word' id='word_1_57' title='bbox 1095 765 1148 824; x_wconf 84' lang='lat' dir='ltr'><strong>ejus,</strong></span> <span class='ocrx_word' id='word_1_58' title='bbox 1166 771 1186 810; x_wconf 88' lang='lat' dir='ltr'><strong>et</strong></span> 
     </span>
     <span class='ocr_line' id='line_1_7' title="bbox 232 826 1187 890; baseline 0.008 -25"><span class='ocrx_word' id='word_1_59' title='bbox 232 831 286 890; x_wconf 49' lang='grc' dir='ltr'><strong>ᾡς,</strong></span> <span class='ocrx_word' id='word_1_60' title='bbox 726 826 833 884; x_wconf 88' lang='lat' dir='ltr'><strong>acceperit</strong></span> <span class='ocrx_word' id='word_1_61' title='bbox 849 827 997 871; x_wconf 73' lang='lat' dir='ltr'>characterem</span> <span class='ocrx_word' id='word_1_62' title='bbox 1014 827 1036 872; x_wconf 92' lang='lat' dir='ltr'><strong>in</strong></span> <span class='ocrx_word' id='word_1_63' title='bbox 1053 827 1126 872; x_wconf 83' lang='lat' dir='ltr'><strong>fronte</strong></span> <span class='ocrx_word' id='word_1_64' title='bbox 1143 833 1187 881; x_wconf 66' lang='lat' dir='ltr'><strong>suri⁴</strong></span> 
     </span>
    </p>

    <p class='ocr_par' dir='ltr' id='par_1_5' title="bbox 232 886 1188 1210">
     <span class='ocr_line' id='line_1_8' title="bbox 266 886 942 951; baseline -0.006 -13"><span class='ocrx_word' id='word_1_65' title='bbox 266 895 295 938; x_wconf 89' lang='lat'><strong>18</strong></span> <span class='ocrx_word' id='word_1_66' title='bbox 312 890 359 938; x_wconf 85' lang='lat' dir='ltr'><strong>Hic</strong></span> <span class='ocrx_word' id='word_1_67' title='bbox 370 889 476 951; x_wconf 86' lang='lat' dir='ltr'><strong>sapientia</strong></span> <span class='ocrx_word' id='word_1_68' title='bbox 484 895 524 934; x_wconf 88' lang='lat' dir='ltr'><strong>est.</strong></span> <span class='ocrx_word' id='word_1_69' title='bbox 559 889 604 943; x_wconf 84' lang='lat' dir='ltr'><strong>Qui</strong></span> <span class='ocrx_word' id='word_1_70' title='bbox 614 888 694 934; x_wconf 89' lang='lat' dir='ltr'><strong>intelli·</strong></span> <span class='ocrx_word' id='word_1_71' title='bbox 725 889 797 933; x_wconf 86' lang='lat' dir='ltr'><strong>autin</strong></span> <span class='ocrx_word' id='word_1_72' title='bbox 809 903 875 934; x_wconf 88' lang='lat' dir='ltr'><strong>manu</strong></span> <span class='ocrx_word' id='word_1_73' title='bbox 887 886 942 942; x_wconf 75' lang='lat' dir='ltr'><strong>sud3</strong></span> 
     </span>
     <span class='ocr_line' id='line_1_9' title="bbox 232 951 1187 1018; baseline 0 -17"><span class='ocrx_word' id='word_1_74' title='bbox 232 953 308 1018; x_wconf 70' lang='lat' dir='ltr'><strong>gentile</strong></span> <span class='ocrx_word' id='word_1_75' title='bbox 318 955 429 1016; x_wconf 85' lang='lat' dir='ltr'><strong>praeditus</strong></span> <span class='ocrx_word' id='word_1_76' title='bbox 440 961 480 1008; x_wconf 87' lang='lat' dir='ltr'><strong>est,</strong></span> <span class='ocrx_word' id='word_1_77' title='bbox 492 961 604 1014; x_wconf 90' lang='lat' dir='ltr'><strong>computet</strong></span> <span class='ocrx_word' id='word_1_78' title='bbox 616 968 694 998; x_wconf 90' lang='lat' dir='ltr'><strong>nume·</strong></span> <span class='ocrx_word' id='word_1_79' title='bbox 762 955 791 997; x_wconf 90' lang='lat'><strong>10</strong></span> <span class='ocrx_word' id='word_1_80' title='bbox 808 951 918 998; x_wconf 90' lang='lat' dir='ltr'><strong>Bibetbic</strong></span> <span class='ocrx_word' id='word_1_81' title='bbox 930 967 1055 1013; x_wconf 85' lang='lat' dir='ltr'><strong>quoqueex</strong></span> <span class='ocrx_word' id='word_1_82' title='bbox 1075 954 1127 1000; x_wconf 89' lang='lat' dir='ltr'><strong>vino</strong></span> <span class='ocrx_word' id='word_1_83' title='bbox 1144 955 1187 1001; x_wconf 82' lang='lat' dir='ltr'><strong>iras</strong></span> 
     </span>
     <span class='ocr_line' id='line_1_10' title="bbox 232 1013 1187 1079; baseline -0.004 -13"><span class='ocrx_word' id='word_1_84' title='bbox 232 1034 281 1066; x_wconf 81' lang='lat' dir='ltr'><strong>runa</strong></span> <span class='ocrx_word' id='word_1_85' title='bbox 292 1019 386 1074; x_wconf 61' lang='lat' dir='ltr'><strong>testim</strong></span> <span class='ocrx_word' id='word_1_86' title='bbox 404 1032 508 1063; x_wconf 83' lang='lat' dir='ltr'><strong>numerus</strong></span> <span class='ocrx_word' id='word_1_87' title='bbox 524 1017 583 1062; x_wconf 89' lang='lat' dir='ltr'><strong>enirn</strong></span> <span class='ocrx_word' id='word_1_88' title='bbox 600 1016 695 1062; x_wconf 88' lang='lat' dir='ltr'><strong>hominis</strong></span> <span class='ocrx_word' id='word_1_89' title='bbox 728 1013 780 1068; x_wconf 86' lang='lat' dir='ltr'><strong>Dei,</strong></span> <span class='ocrx_word' id='word_1_90' title='bbox 792 1029 820 1060; x_wconf 86' lang='lat' dir='ltr'><strong>ex</strong></span> <span class='ocrx_word' id='word_1_91' title='bbox 831 1031 898 1069; x_wconf 88' lang='lat' dir='ltr'><strong>mero,</strong></span> <span class='ocrx_word' id='word_1_92' title='bbox 911 1018 1013 1076; x_wconf 73' lang='lat' dir='ltr'><strong>inprecor,</strong></span> <span class='ocrx_word' id='word_1_93' title='bbox 1025 1016 1097 1063; x_wconf 81' lang='lat' dir='ltr'><strong>infuso</strong></span> <span class='ocrx_word' id='word_1_94' title='bbox 1108 1019 1131 1064; x_wconf 90' lang='lat' dir='ltr'><strong>in</strong></span> <span class='ocrx_word' id='word_1_95' title='bbox 1147 1034 1187 1079; x_wconf 85' lang='lat' dir='ltr'><strong>pu·</strong></span> 
     </span>
     <span class='ocr_line' id='line_1_11' title="bbox 233 1078 1188 1143; baseline -0.002 -13"><span class='ocrx_word' id='word_1_96' title='bbox 233 1091 281 1139; x_wconf 86' lang='lat' dir='ltr'><strong>eet;</strong></span> <span class='ocrx_word' id='word_1_97' title='bbox 298 1091 321 1129; x_wconf 87' lang='lat' dir='ltr'><strong>et</strong></span> <span class='ocrx_word' id='word_1_98' title='bbox 332 1097 436 1128; x_wconf 89' lang='lat' dir='ltr'><strong>uumerus</strong></span> <span class='ocrx_word' id='word_1_99' title='bbox 447 1082 501 1143; x_wconf 82' lang='lat' dir='ltr'><strong>ejus,</strong></span> <span class='ocrx_word' id='word_1_100' title='bbox 515 1087 619 1127; x_wconf 77' lang='lat' dir='ltr'><strong>sexcenta</strong></span> <span class='ocrx_word' id='word_1_101' title='bbox 630 1095 694 1126; x_wconf 82' lang='lat' dir='ltr'><strong>sexa·</strong></span> <span class='ocrx_word' id='word_1_102' title='bbox 726 1078 800 1124; x_wconf 66' lang='lat' dir='ltr'><strong>culam</strong></span> <span class='ocrx_word' id='word_1_103' title='bbox 812 1079 856 1124; x_wconf 86' lang='lat' dir='ltr'><strong>irae</strong></span> <span class='ocrx_word' id='word_1_104' title='bbox 867 1078 948 1140; x_wconf 89' lang='lat' dir='ltr'><strong>ipsius;</strong></span> <span class='ocrx_word' id='word_1_105' title='bbox 966 1087 988 1126; x_wconf 89' lang='lat' dir='ltr'><strong>et</strong></span> <span class='ocrx_word' id='word_1_106' title='bbox 999 1081 1130 1126; x_wconf 83' lang='lat' dir='ltr'><strong>cruciabitur</strong></span> <span class='ocrx_word' id='word_1_107' title='bbox 1137 1082 1188 1143; x_wconf 78' lang='lat' dir='ltr'><strong>igne</strong></span> 
     </span>
     <span class='ocr_line' id='line_1_12' title="bbox 232 1143 1188 1210; baseline -0.003 -17"><span class='ocrx_word' id='word_1_108' title='bbox 232 1148 295 1210; x_wconf 68' lang='lat' dir='ltr'><strong>ginta</strong></span> <span class='ocrx_word' id='word_1_109' title='bbox 305 1161 352 1193; x_wconf 84' lang='lat' dir='ltr'><strong>sex.</strong></span> <span class='ocrx_word' id='word_1_110' title='bbox 727 1149 750 1188; x_wconf 80' lang='lat' dir='ltr'><strong>et</strong></span> <span class='ocrx_word' id='word_1_111' title='bbox 764 1143 868 1203; x_wconf 85' lang='lat' dir='ltr'><strong>sulphure</strong></span> <span class='ocrx_word' id='word_1_112' title='bbox 883 1146 905 1188; x_wconf 90' lang='lat' dir='ltr'><strong>in</strong></span> <span class='ocrx_word' id='word_1_113' title='bbox 923 1152 1042 1204; x_wconf 78' lang='lat' dir='ltr'><strong>conspectu</strong></span> <span class='ocrx_word' id='word_1_114' title='bbox 1059 1145 1188 1204; x_wconf 77' lang='lat' dir='ltr'><strong>angelorum</strong></span> 
     </span>
    </p>

    <p class='ocr_par' dir='ltr' id='par_1_6' title="bbox 232 1207 1188 1653">
     <span class='ocr_line' id='line_1_13' title="bbox 727 1207 1139 1268; baseline 0.005 -16"><span class='ocrx_word' id='word_1_115' title='bbox 727 1217 859 1260; x_wconf 81' lang='lat' dir='ltr'><strong>sanctorum,</strong></span> <span class='ocrx_word' id='word_1_116' title='bbox 871 1213 894 1253; x_wconf 93' lang='lat' dir='ltr'><strong>et</strong></span> <span class='ocrx_word' id='word_1_117' title='bbox 904 1207 927 1252; x_wconf 90' lang='lat' dir='ltr'><strong>in</strong></span> <span class='ocrx_word' id='word_1_118' title='bbox 938 1216 1058 1268; x_wconf 88' lang='lat' dir='ltr'><strong>conspectu</strong></span> <span class='ocrx_word' id='word_1_119' title='bbox 1070 1209 1139 1268; x_wconf 79' lang='lat' dir='ltr'><strong>Agrii.</strong></span> 
     </span>
     <span class='ocr_line' id='line_1_14' title="bbox 382 1270 1188 1332; baseline -0.001 -13"><span class='ocrx_word' id='word_1_120' title='bbox 382 1271 455 1320; x_wconf 76' lang='lat' dir='ltr'>CAP.</span> <span class='ocrx_word' id='word_1_121' title='bbox 474 1271 544 1318; x_wconf 86' lang='lat' dir='ltr'><strong>XIV.</strong></span> <span class='ocrx_word' id='word_1_122' title='bbox 761 1272 788 1315; x_wconf 93' lang='lat' dir='ltr'><strong>ll</strong></span> <span class='ocrx_word' id='word_1_123' title='bbox 818 1271 851 1316; x_wconf 90' lang='lat' dir='ltr'><strong>Et</strong></span> <span class='ocrx_word' id='word_1_124' title='bbox 871 1270 945 1316; x_wconf 85' lang='lat' dir='ltr'><strong>fumus</strong></span> <span class='ocrx_word' id='word_1_125' title='bbox 966 1270 1076 1317; x_wconf 78' lang='lat' dir='ltr'><strong>cruciabis</strong></span> <span class='ocrx_word' id='word_1_126' title='bbox 1092 1273 1188 1332; x_wconf 83' lang='lat' dir='ltr'><strong>ipsorum</strong></span> 
     </span>
     <span class='ocr_line' id='line_1_15' title="bbox 232 1333 1188 1396; baseline -0.002 -12"><span class='ocrx_word' id='word_1_127' title='bbox 232 1342 247 1378; x_wconf 75' lang='grc' dir='ltr'><strong>Γ</strong></span> <span class='ocrx_word' id='word_1_128' title='bbox 293 1335 695 1396; x_wconf 78' lang='lat' dir='ltr'><strong>UNCvidi,etecceaderatrlgnus</strong></span> <span class='ocrx_word' id='word_1_129' title='bbox 726 1333 830 1380; x_wconf 66' lang='lat' dir='ltr'><strong>ucendet</strong></span> <span class='ocrx_word' id='word_1_130' title='bbox 851 1335 873 1380; x_wconf 89' lang='lat' dir='ltr'><strong>in</strong></span> <span class='ocrx_word' id='word_1_131' title='bbox 897 1333 971 1380; x_wconf 88' lang='lat' dir='ltr'><strong>secula</strong></span> <span class='ocrx_word' id='word_1_132' title='bbox 987 1335 1124 1392; x_wconf 87' lang='lat' dir='ltr'><strong>seculorum;</strong></span> <span class='ocrx_word' id='word_1_133' title='bbox 1148 1351 1188 1382; x_wconf 85' lang='lat' dir='ltr'><strong>uec</strong></span> 
     </span>
     <span class='ocr_line' id='line_1_16' title="bbox 309 1397 1187 1461; baseline -0.003 -13"><span class='ocrx_word' id='word_1_134' title='bbox 309 1411 370 1448; x_wconf 84' lang='lat' dir='ltr'><strong>stans</strong></span> <span class='ocrx_word' id='word_1_135' title='bbox 389 1416 455 1461; x_wconf 84' lang='lat' dir='ltr'><strong>super</strong></span> <span class='ocrx_word' id='word_1_136' title='bbox 473 1409 572 1446; x_wconf 89' lang='lat' dir='ltr'><strong>montem</strong></span> <span class='ocrx_word' id='word_1_137' title='bbox 591 1399 653 1454; x_wconf 83' lang='lat' dir='ltr'><strong>Sion,</strong></span> <span class='ocrx_word' id='word_1_138' title='bbox 673 1405 696 1445; x_wconf 88' lang='lat' dir='ltr'><strong>et</strong></span> <span class='ocrx_word' id='word_1_139' title='bbox 726 1397 836 1443; x_wconf 85' lang='lat' dir='ltr'><strong>habebunt</strong></span> <span class='ocrx_word' id='word_1_140' title='bbox 846 1399 951 1458; x_wconf 83' lang='lat' dir='ltr'><strong>requiem,</strong></span> <span class='ocrx_word' id='word_1_141' title='bbox 962 1399 998 1444; x_wconf 87' lang='lat' dir='ltr'><strong>dle</strong></span> <span class='ocrx_word' id='word_1_142' title='bbox 1009 1414 1049 1444; x_wconf 85' lang='lat' dir='ltr'><strong>nec</strong></span> <span class='ocrx_word' id='word_1_143' title='bbox 1060 1407 1132 1452; x_wconf 87' lang='lat' dir='ltr'><strong>nocte,</strong></span> <span class='ocrx_word' id='word_1_144' title='bbox 1149 1400 1187 1458; x_wconf 92' lang='lat' dir='ltr'><strong>qui</strong></span> 
     </span>
     <span class='ocr_line' id='line_1_17' title="bbox 232 1461 1188 1524; baseline -0.002 -13"><span class='ocrx_word' id='word_1_145' title='bbox 232 1479 283 1511; x_wconf 88' lang='lat' dir='ltr'><strong>cum</strong></span> <span class='ocrx_word' id='word_1_146' title='bbox 303 1481 330 1510; x_wconf 88' lang='lat' dir='ltr'><strong>eo</strong></span> <span class='ocrx_word' id='word_1_147' title='bbox 349 1472 438 1510; x_wconf 89' lang='lat' dir='ltr'><strong>centurn</strong></span> <span class='ocrx_word' id='word_1_148' title='bbox 457 1465 696 1524; x_wconf 79' lang='lat' dir='ltr'><strong>quadragintaquatuor</strong></span> <span class='ocrx_word' id='word_1_149' title='bbox 726 1461 818 1507; x_wconf 85' lang='lat' dir='ltr'><strong>adorant</strong></span> <span class='ocrx_word' id='word_1_150' title='bbox 828 1462 919 1507; x_wconf 83' lang='lat' dir='ltr'><strong>bestiam</strong></span> <span class='ocrx_word' id='word_1_151' title='bbox 931 1469 954 1507; x_wconf 91' lang='lat' dir='ltr'><strong>et</strong></span> <span class='ocrx_word' id='word_1_152' title='bbox 965 1462 1084 1523; x_wconf 77' lang='lat' dir='ltr'><strong>imaginem</strong></span> <span class='ocrx_word' id='word_1_153' title='bbox 1095 1465 1149 1524; x_wconf 84' lang='lat' dir='ltr'><strong>ejus,</strong></span> <span class='ocrx_word' id='word_1_154' title='bbox 1165 1474 1188 1509; x_wconf 88' lang='lat' dir='ltr'><strong>et</strong></span> 
     </span>
     <span class='ocr_line' id='line_1_18' title="bbox 232 1523 1187 1588; baseline 0 -15"><span class='ocrx_word' id='word_1_155' title='bbox 232 1529 300 1574; x_wconf 84' lang='lat' dir='ltr'><strong>millia</strong></span> <span class='ocrx_word' id='word_1_156' title='bbox 321 1529 422 1575; x_wconf 87' lang='lat' dir='ltr'><strong>habentia</strong></span> <span class='ocrx_word' id='word_1_157' title='bbox 443 1543 524 1572; x_wconf 91' lang='lat' dir='ltr'><strong>nomen</strong></span> <span class='ocrx_word' id='word_1_158' title='bbox 549 1526 621 1572; x_wconf 89' lang='lat' dir='ltr'><strong>Patris</strong></span> <span class='ocrx_word' id='word_1_159' title='bbox 647 1528 694 1588; x_wconf 87' lang='lat' dir='ltr'><strong>ejus</strong></span> <span class='ocrx_word' id='word_1_160' title='bbox 726 1523 794 1584; x_wconf 80' lang='lat' dir='ltr'><strong>siquis</strong></span> <span class='ocrx_word' id='word_1_161' title='bbox 805 1526 913 1587; x_wconf 86' lang='lat' dir='ltr'><strong>acceperit</strong></span> <span class='ocrx_word' id='word_1_162' title='bbox 928 1526 1076 1572; x_wconf 77' lang='lat' dir='ltr'><strong>characterem</strong></span> <span class='ocrx_word' id='word_1_163' title='bbox 1093 1527 1187 1574; x_wconf 84' lang='lat' dir='ltr'><strong>nominis</strong></span> 
     </span>
     <span class='ocr_line' id='line_1_19' title="bbox 233 1589 780 1653; baseline -0.009 -16"><span class='ocrx_word' id='word_1_164' title='bbox 233 1593 337 1653; x_wconf 85' lang='lat' dir='ltr'><strong>scriptum</strong></span> <span class='ocrx_word' id='word_1_165' title='bbox 350 1592 371 1636; x_wconf 93' lang='lat' dir='ltr'><strong>in</strong></span> <span class='ocrx_word' id='word_1_166' title='bbox 383 1590 492 1636; x_wconf 84' lang='lat' dir='ltr'><strong>frontibus</strong></span> <span class='ocrx_word' id='word_1_167' title='bbox 503 1590 555 1636; x_wconf 89' lang='lat' dir='ltr'><strong>suis.</strong></span> <span class='ocrx_word' id='word_1_168' title='bbox 726 1589 780 1649; x_wconf 86' lang='lat' dir='ltr'><strong>ejus.</strong></span> 
     </span>
    </p>

    <p class='ocr_par' dir='ltr' id='par_1_7' title="bbox 232 1651 1187 1962">
     <span class='ocr_line' id='line_1_20' title="bbox 265 1651 1185 1714; baseline 0 -14"><span class='ocrx_word' id='word_1_169' title='bbox 265 1661 280 1700; x_wconf 80' lang='lat'><strong>2</strong></span> <span class='ocrx_word' id='word_1_170' title='bbox 297 1655 329 1701; x_wconf 91' lang='lat' dir='ltr'><strong>Et</strong></span> <span class='ocrx_word' id='word_1_171' title='bbox 336 1655 408 1702; x_wconf 88' lang='lat' dir='ltr'><strong>audivi</strong></span> <span class='ocrx_word' id='word_1_172' title='bbox 416 1653 581 1700; x_wconf 83' lang='lat' dir='ltr'><strong>vocemecoelo</strong></span> <span class='ocrx_word' id='word_1_173' title='bbox 590 1660 694 1714; x_wconf 91' lang='lat' dir='ltr'><strong>tanquam</strong></span> <span class='ocrx_word' id='word_1_174' title='bbox 761 1656 790 1697; x_wconf 78' lang='lat'><strong>12</strong></span> <span class='ocrx_word' id='word_1_175' title='bbox 807 1651 853 1698; x_wconf 86' lang='lat' dir='ltr'><strong>Hic</strong></span> <span class='ocrx_word' id='word_1_176' title='bbox 865 1653 980 1699; x_wconf 86' lang='lat' dir='ltr'><strong>tolerantia</strong></span> <span class='ocrx_word' id='word_1_177' title='bbox 996 1661 1122 1700; x_wconf 80' lang='lat' dir='ltr'><strong>sanctorum</strong></span> <span class='ocrx_word' id='word_1_178' title='bbox 1138 1665 1185 1710; x_wconf 60' lang='lat' dir='ltr'><strong>esu</strong></span> 
     </span>
     <span class='ocr_line' id='line_1_21' title="bbox 233 1715 1186 1780; baseline 0 -16"><span class='ocrx_word' id='word_1_179' title='bbox 233 1734 310 1764; x_wconf 87' lang='lat' dir='ltr'><strong>vocem</strong></span> <span class='ocrx_word' id='word_1_180' title='bbox 327 1734 433 1780; x_wconf 84' lang='lat' dir='ltr'><strong>aquarum</strong></span> <span class='ocrx_word' id='word_1_181' title='bbox 452 1719 578 1771; x_wconf 83' lang='lat' dir='ltr'><strong>multarum,</strong></span> <span class='ocrx_word' id='word_1_182' title='bbox 600 1725 623 1764; x_wconf 88' lang='lat' dir='ltr'><strong>et</strong></span> <span class='ocrx_word' id='word_1_183' title='bbox 644 1726 693 1764; x_wconf 86' lang='lat' dir='ltr'><strong>tan·</strong></span> <span class='ocrx_word' id='word_1_184' title='bbox 725 1715 808 1776; x_wconf 88' lang='lat' dir='ltr'><strong>lrlcqul</strong></span> <span class='ocrx_word' id='word_1_185' title='bbox 828 1719 945 1763; x_wconf 81' lang='lat' dir='ltr'><strong>observant</strong></span> <span class='ocrx_word' id='word_1_186' title='bbox 967 1719 1069 1764; x_wconf 87' lang='lat' dir='ltr'><strong>mandata</strong></span> <span class='ocrx_word' id='word_1_187' title='bbox 1090 1718 1142 1772; x_wconf 81' lang='lat' dir='ltr'><strong>Dei,</strong></span> <span class='ocrx_word' id='word_1_188' title='bbox 1164 1726 1186 1764; x_wconf 85' lang='lat' dir='ltr'><strong>et</strong></span> 
     </span>
     <span class='ocr_line' id='line_1_22' title="bbox 232 1779 864 1844; baseline -0.008 -15"><span class='ocrx_word' id='word_1_189' title='bbox 232 1799 296 1844; x_wconf 90' lang='lat' dir='ltr'><strong>quam</strong></span> <span class='ocrx_word' id='word_1_190' title='bbox 309 1799 388 1829; x_wconf 90' lang='lat' dir='ltr'><strong>sonum</strong></span> <span class='ocrx_word' id='word_1_191' title='bbox 399 1784 489 1828; x_wconf 87' lang='lat' dir='ltr'><strong>tonitrui</strong></span> <span class='ocrx_word' id='word_1_192' title='bbox 500 1782 591 1844; x_wconf 76' lang='lat' dir='ltr'><strong>magn13</strong></span> <span class='ocrx_word' id='word_1_193' title='bbox 613 1790 636 1827; x_wconf 89' lang='lat' dir='ltr'><strong>et</strong></span> <span class='ocrx_word' id='word_1_194' title='bbox 652 1798 693 1828; x_wconf 83' lang='lat' dir='ltr'><strong>vo·</strong></span> <span class='ocrx_word' id='word_1_195' title='bbox 726 1779 790 1825; x_wconf 85' lang='lat' dir='ltr'><strong>iidem</strong></span> <span class='ocrx_word' id='word_1_196' title='bbox 798 1780 864 1827; x_wconf 78' lang='lat' dir='ltr'><strong>desa.</strong></span> 
     </span>
     <span class='ocr_line' id='line_1_23' title="bbox 232 1841 1185 1906; baseline 0 -15"><span class='ocrx_word' id='word_1_197' title='bbox 232 1862 279 1892; x_wconf 90' lang='lat' dir='ltr'><strong>cern</strong></span> <span class='ocrx_word' id='word_1_198' title='bbox 292 1848 364 1892; x_wconf 84' lang='lat' dir='ltr'><strong>audivi</strong></span> <span class='ocrx_word' id='word_1_199' title='bbox 375 1845 550 1893; x_wconf 77' lang='lat' dir='ltr'><strong>citharoedorum</strong></span> <span class='ocrx_word' id='word_1_200' title='bbox 559 1845 693 1906; x_wconf 83' lang='lat' dir='ltr'><strong>pulsantium</strong></span> <span class='ocrx_word' id='word_1_201' title='bbox 760 1847 789 1888; x_wconf 78' lang='lat'><strong>15</strong></span> <span class='ocrx_word' id='word_1_202' title='bbox 806 1841 870 1890; x_wconf 86' lang='lat' dir='ltr'><strong>Tunc</strong></span> <span class='ocrx_word' id='word_1_203' title='bbox 882 1844 953 1890; x_wconf 84' lang='lat' dir='ltr'><strong>audivi</strong></span> <span class='ocrx_word' id='word_1_204' title='bbox 967 1860 1043 1890; x_wconf 87' lang='lat' dir='ltr'><strong>vocem</strong></span> <span class='ocrx_word' id='word_1_205' title='bbox 1053 1845 1142 1899; x_wconf 87' lang='lat' dir='ltr'><strong>ecoelo,</strong></span> <span class='ocrx_word' id='word_1_206' title='bbox 1152 1846 1185 1891; x_wconf 89' lang='lat' dir='ltr'><strong>di·</strong></span> 
     </span>
     <span class='ocr_line' id='line_1_24' title="bbox 232 1908 1187 1962; baseline 0 -6"><span class='ocrx_word' id='word_1_207' title='bbox 232 1911 402 1956; x_wconf 81' lang='lat' dir='ltr'><strong>citirarassuas:</strong></span> <span class='ocrx_word' id='word_1_208' title='bbox 725 1915 811 1953; x_wconf 82' lang='lat' dir='ltr'><strong>centem</strong></span> <span class='ocrx_word' id='word_1_209' title='bbox 830 1909 890 1962; x_wconf 89' lang='lat' dir='ltr'><strong>mibi,</strong></span> <span class='ocrx_word' id='word_1_210' title='bbox 911 1909 992 1962; x_wconf 79' lang='lat' dir='ltr'><strong>Scribe,</strong></span> <span class='ocrx_word' id='word_1_211' title='bbox 1016 1908 1079 1955; x_wconf 84' lang='lat' dir='ltr'><strong>Beati</strong></span> <span class='ocrx_word' id='word_1_212' title='bbox 1099 1911 1187 1956; x_wconf 86' lang='lat' dir='ltr'><strong>abhoc</strong></span> 
     </span>
    </p>

    <p class='ocr_par' dir='ltr' id='par_1_8' title="bbox 229 1970 1187 2478">
     <span class='ocr_line' id='line_1_25' title="bbox 262 1970 1186 2034; baseline 0 -16"><span class='ocrx_word' id='word_1_213' title='bbox 262 1979 279 2018; x_wconf 78' lang='lat'>3</span> <span class='ocrx_word' id='word_1_214' title='bbox 302 1974 334 2019; x_wconf 85' lang='lat' dir='ltr'><strong>Et</strong></span> <span class='ocrx_word' id='word_1_215' title='bbox 356 1975 391 2034; x_wconf 93' lang='lat' dir='ltr'><strong>qui</strong></span> <span class='ocrx_word' id='word_1_216' title='bbox 414 1975 522 2020; x_wconf 90' lang='lat' dir='ltr'><strong>canebant</strong></span> <span class='ocrx_word' id='word_1_217' title='bbox 543 1973 604 2032; x_wconf 85' lang='lat' dir='ltr'><strong>quasi</strong></span> <span class='ocrx_word' id='word_1_218' title='bbox 621 1973 692 2019; x_wconf 89' lang='lat' dir='ltr'><strong>canti·</strong></span> <span class='ocrx_word' id='word_1_219' title='bbox 725 1978 824 2032; x_wconf 86' lang='lat' dir='ltr'><strong>tempore</strong></span> <span class='ocrx_word' id='word_1_220' title='bbox 835 1972 915 2018; x_wconf 87' lang='lat' dir='ltr'><strong>mortui</strong></span> <span class='ocrx_word' id='word_1_221' title='bbox 927 1973 948 2022; x_wconf 90' lang='lat' dir='ltr'><strong>ii,</strong></span> <span class='ocrx_word' id='word_1_222' title='bbox 965 1973 1002 2032; x_wconf 92' lang='lat' dir='ltr'><strong>qui</strong></span> <span class='ocrx_word' id='word_1_223' title='bbox 1015 1971 1110 2018; x_wconf 91' lang='lat' dir='ltr'><strong>Domini</strong></span> <span class='ocrx_word' id='word_1_224' title='bbox 1121 1970 1186 2018; x_wconf 70' lang='lat' dir='ltr'><strong>causei</strong></span> 
     </span>
     <span class='ocr_line' id='line_1_26' title="bbox 231 2035 1186 2096; baseline 0 -14"><span class='ocrx_word' id='word_1_225' title='bbox 231 2053 281 2083; x_wconf 92' lang='lat' dir='ltr'><strong>cum</strong></span> <span class='ocrx_word' id='word_1_226' title='bbox 293 2053 375 2083; x_wconf 87' lang='lat' dir='ltr'><strong>novum</strong></span> <span class='ocrx_word' id='word_1_227' title='bbox 387 2044 438 2082; x_wconf 90' lang='lat' dir='ltr'><strong>ante</strong></span> <span class='ocrx_word' id='word_1_228' title='bbox 450 2038 559 2090; x_wconf 89' lang='lat' dir='ltr'><strong>thronum,</strong></span> <span class='ocrx_word' id='word_1_229' title='bbox 571 2045 593 2082; x_wconf 91' lang='lat' dir='ltr'><strong>et</strong></span> <span class='ocrx_word' id='word_1_230' title='bbox 604 2037 626 2082; x_wconf 91' lang='lat' dir='ltr'><strong>in</strong></span> <span class='ocrx_word' id='word_1_231' title='bbox 638 2052 692 2083; x_wconf 91' lang='lat' dir='ltr'><strong>con·</strong></span> <span class='ocrx_word' id='word_1_232' title='bbox 724 2035 855 2081; x_wconf 87' lang='lat' dir='ltr'><strong>moriuntur.</strong></span> <span class='ocrx_word' id='word_1_233' title='bbox 889 2035 971 2089; x_wconf 89' lang='lat' dir='ltr'><strong>Etiam,</strong></span> <span class='ocrx_word' id='word_1_234' title='bbox 979 2036 1145 2096; x_wconf 85' lang='lat' dir='ltr'><strong>dicitSpiritus;</strong></span> <span class='ocrx_word' id='word_1_235' title='bbox 1162 2047 1186 2082; x_wconf 92' lang='lat' dir='ltr'><strong>ut</strong></span> 
     </span>
     <span class='ocr_line' id='line_1_27' title="bbox 231 2099 1187 2162; baseline -0.001 -16"><span class='ocrx_word' id='word_1_236' title='bbox 231 2109 306 2162; x_wconf 82' lang='lat' dir='ltr'><strong>speetu</strong></span> <span class='ocrx_word' id='word_1_237' title='bbox 328 2108 422 2160; x_wconf 89' lang='lat' dir='ltr'><strong>quatuor</strong></span> <span class='ocrx_word' id='word_1_238' title='bbox 446 2101 532 2146; x_wconf 90' lang='lat' dir='ltr'><strong>illorum</strong></span> <span class='ocrx_word' id='word_1_239' title='bbox 558 2101 692 2156; x_wconf 82' lang='lat' dir='ltr'><strong>animalium,</strong></span> <span class='ocrx_word' id='word_1_240' title='bbox 724 2099 1067 2158; x_wconf 84' lang='lat' dir='ltr'><strong>requiescantalaboribussuls:</strong></span> <span class='ocrx_word' id='word_1_241' title='bbox 1087 2107 1109 2145; x_wconf 91' lang='lat' dir='ltr'><strong>et</strong></span> <span class='ocrx_word' id='word_1_242' title='bbox 1120 2114 1187 2160; x_wconf 87' lang='lat' dir='ltr'><strong>opera</strong></span> 
     </span>
     <span class='ocr_line' id='line_1_28' title="bbox 230 2164 989 2225; baseline -0.001 -15"><span class='ocrx_word' id='word_1_243' title='bbox 230 2173 252 2210; x_wconf 91' lang='lat' dir='ltr'><strong>et</strong></span> <span class='ocrx_word' id='word_1_244' title='bbox 273 2164 361 2210; x_wconf 85' lang='lat' dir='ltr'><strong>illorum</strong></span> <span class='ocrx_word' id='word_1_245' title='bbox 381 2164 509 2221; x_wconf 76' lang='lat' dir='ltr'><strong>seniorum3</strong></span> <span class='ocrx_word' id='word_1_246' title='bbox 537 2180 608 2224; x_wconf 88' lang='lat' dir='ltr'><strong>neque</strong></span> <span class='ocrx_word' id='word_1_247' title='bbox 631 2165 691 2225; x_wconf 88' lang='lat' dir='ltr'><strong>quis·</strong></span> <span class='ocrx_word' id='word_1_248' title='bbox 724 2177 801 2208; x_wconf 84' lang='lat' dir='ltr'><strong>eorum</strong></span> <span class='ocrx_word' id='word_1_249' title='bbox 813 2171 933 2223; x_wconf 89' lang='lat' dir='ltr'><strong>sequuntur</strong></span> <span class='ocrx_word' id='word_1_250' title='bbox 944 2179 989 2209; x_wconf 80' lang='lat' dir='ltr'><strong>eos</strong></span> 
     </span>
     <span class='ocr_line' id='line_1_29' title="bbox 229 2227 1186 2290; baseline 0 -16"><span class='ocrx_word' id='word_1_251' title='bbox 229 2244 295 2288; x_wconf 92' lang='lat' dir='ltr'><strong>quam</strong></span> <span class='ocrx_word' id='word_1_252' title='bbox 317 2235 403 2290; x_wconf 87' lang='lat' dir='ltr'><strong>poterat</strong></span> <span class='ocrx_word' id='word_1_253' title='bbox 425 2228 508 2274; x_wconf 79' lang='lat' dir='ltr'><strong>discere</strong></span> <span class='ocrx_word' id='word_1_254' title='bbox 529 2229 638 2274; x_wconf 89' lang='lat' dir='ltr'><strong>canticum</strong></span> <span class='ocrx_word' id='word_1_255' title='bbox 664 2229 691 2274; x_wconf 91' lang='lat' dir='ltr'><strong>il·</strong></span> <span class='ocrx_word' id='word_1_256' title='bbox 758 2229 788 2271; x_wconf 83' lang='lat'><strong>14</strong></span> <span class='ocrx_word' id='word_1_257' title='bbox 805 2227 980 2288; x_wconf 79' lang='lat' dir='ltr'><strong>Aspeaiautem,</strong></span> <span class='ocrx_word' id='word_1_258' title='bbox 997 2239 1088 2281; x_wconf 84' lang='lat' dir='ltr'><strong>etecce,</strong></span> <span class='ocrx_word' id='word_1_259' title='bbox 1105 2230 1186 2274; x_wconf 82' lang='lat' dir='ltr'><strong>aderat</strong></span> 
     </span>
     <span class='ocr_line' id='line_1_30' title="bbox 230 2290 1185 2352; baseline 0 -15"><span class='ocrx_word' id='word_1_260' title='bbox 230 2290 325 2346; x_wconf 80' lang='lat' dir='ltr'><strong>luduisl</strong></span> <span class='ocrx_word' id='word_1_261' title='bbox 344 2293 479 2338; x_wconf 90' lang='lat' dir='ltr'><strong>illacentum</strong></span> <span class='ocrx_word' id='word_1_262' title='bbox 493 2292 690 2352; x_wconf 77' lang='lat' dir='ltr'><strong>quadragintaque·</strong></span> <span class='ocrx_word' id='word_1_263' title='bbox 724 2291 793 2335; x_wconf 86' lang='lat' dir='ltr'><strong>nubes</strong></span> <span class='ocrx_word' id='word_1_264' title='bbox 814 2291 925 2342; x_wconf 73' lang='lat' dir='ltr'><strong>candida:</strong></span> <span class='ocrx_word' id='word_1_265' title='bbox 957 2298 980 2336; x_wconf 86' lang='lat' dir='ltr'><strong>et</strong></span> <span class='ocrx_word' id='word_1_266' title='bbox 1007 2292 1059 2336; x_wconf 91' lang='lat' dir='ltr'><strong>nubi</strong></span> <span class='ocrx_word' id='word_1_267' title='bbox 1081 2292 1185 2337; x_wconf 82' lang='lat' dir='ltr'><strong>insidebat</strong></span> 
     </span>
     <span class='ocr_line' id='line_1_31' title="bbox 229 2354 1183 2416; baseline -0.005 -15"><span class='ocrx_word' id='word_1_268' title='bbox 229 2364 279 2401; x_wconf 92' lang='lat' dir='ltr'><strong>tuor</strong></span> <span class='ocrx_word' id='word_1_269' title='bbox 288 2357 360 2410; x_wconf 80' lang='lat' dir='ltr'><strong>millia,</strong></span> <span class='ocrx_word' id='word_1_270' title='bbox 373 2356 386 2400; x_wconf 86' lang='lat' dir='ltr'><strong>ii</strong></span> <span class='ocrx_word' id='word_1_271' title='bbox 399 2357 500 2402; x_wconf 79' lang='lat' dir='ltr'><strong>uidelicet</strong></span> <span class='ocrx_word' id='word_1_272' title='bbox 512 2357 547 2415; x_wconf 89' lang='lat' dir='ltr'><strong>qui</strong></span> <span class='ocrx_word' id='word_1_273' title='bbox 560 2357 627 2416; x_wconf 86' lang='lat' dir='ltr'><strong>empti</strong></span> <span class='ocrx_word' id='word_1_274' title='bbox 640 2364 690 2402; x_wconf 83' lang='lat' dir='ltr'><strong>sunt</strong></span> <span class='ocrx_word' id='word_1_275' title='bbox 724 2355 818 2412; x_wconf 78' lang='lat' dir='ltr'><strong>quidam</strong></span> <span class='ocrx_word' id='word_1_276' title='bbox 831 2354 906 2400; x_wconf 88' lang='lat' dir='ltr'><strong>similis</strong></span> <span class='ocrx_word' id='word_1_277' title='bbox 917 2355 1007 2404; x_wconf 84' lang='lat' dir='ltr'><strong>homini,</strong></span> <span class='ocrx_word' id='word_1_278' title='bbox 1020 2356 1101 2400; x_wconf 89' lang='lat' dir='ltr'><strong>habens</strong></span> <span class='ocrx_word' id='word_1_279' title='bbox 1112 2357 1183 2416; x_wconf 79' lang='lat' dir='ltr'><strong>impu-</strong></span> 
     </span>
     <span class='ocr_line' id='line_1_32' title="bbox 229 2417 1181 2478; baseline -0.003 -13"><span class='ocrx_word' id='word_1_280' title='bbox 229 2417 323 2466; x_wconf 75' lang='lat' dir='ltr'><strong>erent:</strong></span> <span class='ocrx_word' id='word_1_281' title='bbox 724 2417 788 2461; x_wconf 87' lang='lat' dir='ltr'><strong>sitam</strong></span> <span class='ocrx_word' id='word_1_282' title='bbox 800 2419 864 2478; x_wconf 89' lang='lat' dir='ltr'><strong>capiti</strong></span> <span class='ocrx_word' id='word_1_283' title='bbox 877 2433 916 2463; x_wconf 87' lang='lat' dir='ltr'><strong>suo</strong></span> <span class='ocrx_word' id='word_1_284' title='bbox 928 2433 1032 2464; x_wconf 87' lang='lat' dir='ltr'><strong>coronam</strong></span> <span class='ocrx_word' id='word_1_285' title='bbox 1049 2434 1144 2473; x_wconf 87' lang='lat' dir='ltr'><strong>auream,</strong></span> <span class='ocrx_word' id='word_1_286' title='bbox 1161 2429 1181 2464; x_wconf 87' lang='lat' dir='ltr'><strong>et</strong></span> 
     </span>
    </p>

    <p class='ocr_par' dir='ltr' id='par_1_9' title="bbox 228 2479 1184 2796">
     <span class='ocr_line' id='line_1_33' title="bbox 260 2479 1067 2542; baseline -0.002 -14"><span class='ocrx_word' id='word_1_287' title='bbox 260 2487 277 2528; x_wconf 85' lang='lat'>4</span> <span class='ocrx_word' id='word_1_288' title='bbox 294 2482 326 2528; x_wconf 90' lang='lat' dir='ltr'><strong>Hi</strong></span> <span class='ocrx_word' id='word_1_289' title='bbox 336 2491 387 2528; x_wconf 87' lang='lat' dir='ltr'><strong>sunt</strong></span> <span class='ocrx_word' id='word_1_290' title='bbox 398 2483 434 2542; x_wconf 91' lang='lat' dir='ltr'><strong>qui</strong></span> <span class='ocrx_word' id='word_1_291' title='bbox 446 2498 496 2528; x_wconf 91' lang='lat' dir='ltr'><strong>cum</strong></span> <span class='ocrx_word' id='word_1_292' title='bbox 509 2483 634 2528; x_wconf 89' lang='lat' dir='ltr'><strong>mulieribus</strong></span> <span class='ocrx_word' id='word_1_293' title='bbox 646 2497 690 2528; x_wconf 91' lang='lat' dir='ltr'><strong>non</strong></span> <span class='ocrx_word' id='word_1_294' title='bbox 724 2479 746 2524; x_wconf 89' lang='lat' dir='ltr'><strong>in</strong></span> <span class='ocrx_word' id='word_1_295' title='bbox 757 2495 823 2526; x_wconf 89' lang='lat' dir='ltr'><strong>manu</strong></span> <span class='ocrx_word' id='word_1_296' title='bbox 835 2479 874 2526; x_wconf 77' lang='lat' dir='ltr'><strong>suci</strong></span> <span class='ocrx_word' id='word_1_297' title='bbox 885 2481 962 2527; x_wconf 89' lang='lat' dir='ltr'><strong>i&#39;alcem</strong></span> <span class='ocrx_word' id='word_1_298' title='bbox 974 2489 1067 2527; x_wconf 89' lang='lat' dir='ltr'><strong>acutam.</strong></span> 
     </span>
     <span class='ocr_line' id='line_1_34' title="bbox 229 2544 1183 2607; baseline -0.001 -16"><span class='ocrx_word' id='word_1_299' title='bbox 229 2555 280 2591; x_wconf 87' lang='lat' dir='ltr'><strong>sunt</strong></span> <span class='ocrx_word' id='word_1_300' title='bbox 291 2547 413 2606; x_wconf 86' lang='lat' dir='ltr'><strong>inquinati;</strong></span> <span class='ocrx_word' id='word_1_301' title='bbox 434 2547 530 2607; x_wconf 83' lang='lat' dir='ltr'><strong>uirgines</strong></span> <span class='ocrx_word' id='word_1_302' title='bbox 546 2547 604 2591; x_wconf 90' lang='lat' dir='ltr'><strong>enim</strong></span> <span class='ocrx_word' id='word_1_303' title='bbox 622 2555 687 2592; x_wconf 82' lang='lat' dir='ltr'><strong>sunta</strong></span> <span class='ocrx_word' id='word_1_304' title='bbox 758 2547 786 2590; x_wconf 90' lang='lat'><strong>15</strong></span> <span class='ocrx_word' id='word_1_305' title='bbox 806 2544 835 2588; x_wconf 93' lang='lat' dir='ltr'><strong>Et</strong></span> <span class='ocrx_word' id='word_1_306' title='bbox 847 2545 901 2590; x_wconf 87' lang='lat' dir='ltr'><strong>alius</strong></span> <span class='ocrx_word' id='word_1_307' title='bbox 912 2545 1004 2605; x_wconf 84' lang='lat' dir='ltr'><strong>angelus</strong></span> <span class='ocrx_word' id='word_1_308' title='bbox 1015 2545 1095 2606; x_wconf 86' lang='lat' dir='ltr'><strong>prodiit</strong></span> <span class='ocrx_word' id='word_1_309' title='bbox 1105 2555 1118 2590; x_wconf 83' lang='lat' dir='ltr'><strong>e</strong></span> <span class='ocrx_word' id='word_1_310' title='bbox 1127 2556 1183 2591; x_wconf 82' lang='lat' dir='ltr'><strong>tenr-</strong></span> 
     </span>
     <span class='ocr_line' id='line_1_35' title="bbox 229 2605 1183 2670; baseline 0 -16"><span class='ocrx_word' id='word_1_311' title='bbox 229 2609 250 2654; x_wconf 93' lang='lat' dir='ltr'><strong>hi</strong></span> <span class='ocrx_word' id='word_1_312' title='bbox 273 2618 394 2670; x_wconf 88' lang='lat' dir='ltr'><strong>sequuntur</strong></span> <span class='ocrx_word' id='word_1_313' title='bbox 423 2610 522 2670; x_wconf 79' lang='lat' dir='ltr'><strong>rignum,</strong></span> <span class='ocrx_word' id='word_1_314' title='bbox 559 2625 691 2670; x_wconf 87' lang='lat' dir='ltr'><strong>quocunque</strong></span> <span class='ocrx_word' id='word_1_315' title='bbox 723 2605 766 2668; x_wconf 90' lang='lat' dir='ltr'><strong>plo,</strong></span> <span class='ocrx_word' id='word_1_316' title='bbox 778 2608 875 2653; x_wconf 87' lang='lat' dir='ltr'><strong>clamans</strong></span> <span class='ocrx_word' id='word_1_317' title='bbox 888 2623 941 2654; x_wconf 90' lang='lat' dir='ltr'><strong>voce</strong></span> <span class='ocrx_word' id='word_1_318' title='bbox 953 2607 1034 2669; x_wconf 75' lang='lat' dir='ltr'><strong>magnai</strong></span> <span class='ocrx_word' id='word_1_319' title='bbox 1045 2609 1072 2654; x_wconf 90' lang='lat' dir='ltr'><strong>ad</strong></span> <span class='ocrx_word' id='word_1_320' title='bbox 1083 2624 1133 2654; x_wconf 91' lang='lat' dir='ltr'><strong>eum</strong></span> <span class='ocrx_word' id='word_1_321' title='bbox 1148 2611 1183 2670; x_wconf 88' lang='lat' dir='ltr'><strong>qui</strong></span> 
     </span>
     <span class='ocr_line' id='line_1_36' title="bbox 229 2669 1184 2732; baseline 0 -14"><span class='ocrx_word' id='word_1_322' title='bbox 229 2673 294 2728; x_wconf 75' lang='lat' dir='ltr'><strong>terit3</strong></span> <span class='ocrx_word' id='word_1_323' title='bbox 319 2673 340 2719; x_wconf 93' lang='lat' dir='ltr'><strong>hi</strong></span> <span class='ocrx_word' id='word_1_324' title='bbox 358 2673 425 2732; x_wconf 86' lang='lat' dir='ltr'><strong>empti</strong></span> <span class='ocrx_word' id='word_1_325' title='bbox 445 2680 497 2717; x_wconf 87' lang='lat' dir='ltr'><strong>sunt</strong></span> <span class='ocrx_word' id='word_1_326' title='bbox 513 2688 541 2718; x_wconf 88' lang='lat' dir='ltr'><strong>ex</strong></span> <span class='ocrx_word' id='word_1_327' title='bbox 559 2673 689 2727; x_wconf 85' lang='lat' dir='ltr'><strong>homiuibus,</strong></span> <span class='ocrx_word' id='word_1_328' title='bbox 723 2669 898 2724; x_wconf 64' lang='lat' dir='ltr'><strong>insidebamus</strong></span> <span class='ocrx_word' id='word_1_329' title='bbox 916 2672 983 2717; x_wconf 86' lang='lat' dir='ltr'><strong>Mitte</strong></span> <span class='ocrx_word' id='word_1_330' title='bbox 994 2671 1071 2718; x_wconf 82' lang='lat' dir='ltr'><strong>falcem</strong></span> <span class='ocrx_word' id='word_1_331' title='bbox 1084 2681 1149 2724; x_wconf 86' lang='lat' dir='ltr'><strong>tuam¹</strong></span> <span class='ocrx_word' id='word_1_332' title='bbox 1163 2681 1184 2718; x_wconf 92' lang='lat' dir='ltr'><strong>et</strong></span> 
     </span>
     <span class='ocr_line' id='line_1_37' title="bbox 228 2735 1182 2796; baseline -0.003 -16"><span class='ocrx_word' id='word_1_333' title='bbox 228 2736 334 2796; x_wconf 87' lang='lat' dir='ltr'><strong>primitiae</strong></span> <span class='ocrx_word' id='word_1_334' title='bbox 347 2735 398 2779; x_wconf 90' lang='lat' dir='ltr'><strong>Deo</strong></span> <span class='ocrx_word' id='word_1_335' title='bbox 410 2741 432 2779; x_wconf 89' lang='lat' dir='ltr'><strong>et</strong></span> <span class='ocrx_word' id='word_1_336' title='bbox 444 2735 513 2794; x_wconf 80' lang='lat' dir='ltr'><strong>Agna</strong></span> <span class='ocrx_word' id='word_1_337' title='bbox 524 2750 605 2780; x_wconf 85' lang='lat' dir='ltr'><strong>sacrae.</strong></span> <span class='ocrx_word' id='word_1_338' title='bbox 722 2741 797 2789; x_wconf 85' lang='lat' dir='ltr'><strong>mete;</strong></span> <span class='ocrx_word' id='word_1_339' title='bbox 819 2735 870 2793; x_wconf 90' lang='lat' dir='ltr'><strong>quia</strong></span> <span class='ocrx_word' id='word_1_340' title='bbox 881 2737 941 2780; x_wconf 85' lang='lat' dir='ltr'><strong>venit</strong></span> <span class='ocrx_word' id='word_1_341' title='bbox 954 2736 990 2780; x_wconf 87' lang='lat' dir='ltr'><strong>tibi</strong></span> <span class='ocrx_word' id='word_1_342' title='bbox 1002 2737 1056 2782; x_wconf 88' lang='lat' dir='ltr'><strong>hora</strong></span> <span class='ocrx_word' id='word_1_343' title='bbox 1067 2745 1091 2782; x_wconf 91' lang='lat' dir='ltr'><strong>ut</strong></span> <span class='ocrx_word' id='word_1_344' title='bbox 1102 2747 1182 2782; x_wconf 84' lang='lat' dir='ltr'><strong>metas:</strong></span> 
     </span>
    </p>

    <p class='ocr_par' dir='ltr' id='par_1_10' title="bbox 228 2797 1182 2982">
     <span class='ocr_line' id='line_1_38' title="bbox 259 2797 1075 2858; baseline -0.001 -14"><span class='ocrx_word' id='word_1_345' title='bbox 259 2797 324 2848; x_wconf 83' lang='lat' dir='ltr'><strong>5Et</strong></span> <span class='ocrx_word' id='word_1_346' title='bbox 332 2799 455 2858; x_wconf 89' lang='lat' dir='ltr'><strong>inquorum</strong></span> <span class='ocrx_word' id='word_1_347' title='bbox 464 2813 503 2843; x_wconf 87' lang='lat' dir='ltr'><strong>ore</strong></span> <span class='ocrx_word' id='word_1_348' title='bbox 512 2813 556 2843; x_wconf 90' lang='lat' dir='ltr'><strong>non</strong></span> <span class='ocrx_word' id='word_1_349' title='bbox 565 2808 598 2843; x_wconf 88' lang='lat' dir='ltr'><strong>est</strong></span> <span class='ocrx_word' id='word_1_350' title='bbox 611 2800 689 2844; x_wconf 87' lang='lat' dir='ltr'><strong>inven·</strong></span> <span class='ocrx_word' id='word_1_351' title='bbox 723 2810 773 2842; x_wconf 83' lang='lat' dir='ltr'><strong>uam</strong></span> <span class='ocrx_word' id='word_1_352' title='bbox 786 2799 842 2843; x_wconf 89' lang='lat' dir='ltr'><strong>aruit</strong></span> <span class='ocrx_word' id='word_1_353' title='bbox 852 2799 929 2844; x_wconf 87' lang='lat' dir='ltr'><strong>messis</strong></span> <span class='ocrx_word' id='word_1_354' title='bbox 941 2808 1018 2845; x_wconf 85' lang='lat' dir='ltr'><strong>terrae.</strong></span> <span class='ocrx_word' id='word_1_355' title='bbox 1068 2832 1075 2843; x_wconf 53' lang='lat' dir='ltr'><strong><em>s</em></strong></span> 
     </span>
     <span class='ocr_line' id='line_1_39' title="bbox 229 2860 1182 2923; baseline 0 -15"><span class='ocrx_word' id='word_1_356' title='bbox 229 2871 263 2908; x_wconf 85' lang='lat' dir='ltr'><strong>tus</strong></span> <span class='ocrx_word' id='word_1_357' title='bbox 279 2862 355 2908; x_wconf 84' lang='lat' dir='ltr'><strong>dolus:</strong></span> <span class='ocrx_word' id='word_1_358' title='bbox 381 2868 432 2907; x_wconf 89' lang='lat' dir='ltr'><strong>suut</strong></span> <span class='ocrx_word' id='word_1_359' title='bbox 448 2862 506 2906; x_wconf 86' lang='lat' dir='ltr'><strong>enim</strong></span> <span class='ocrx_word' id='word_1_360' title='bbox 524 2861 626 2923; x_wconf 87' lang='lat' dir='ltr'><strong>inculpati</strong></span> <span class='ocrx_word' id='word_1_361' title='bbox 638 2870 690 2908; x_wconf 87' lang='lat' dir='ltr'><strong>ante</strong></span> <span class='ocrx_word' id='word_1_362' title='bbox 757 2863 786 2905; x_wconf 83' lang='lat'><strong>16</strong></span> <span class='ocrx_word' id='word_1_363' title='bbox 805 2860 866 2907; x_wconf 79' lang='lat' dir='ltr'><strong>illisit</strong></span> <span class='ocrx_word' id='word_1_364' title='bbox 876 2861 949 2922; x_wconf 78' lang='lat' dir='ltr'><strong>igitur,</strong></span> <span class='ocrx_word' id='word_1_365' title='bbox 957 2863 975 2907; x_wconf 88' lang='lat' dir='ltr'><strong>is</strong></span> <span class='ocrx_word' id='word_1_366' title='bbox 983 2863 1020 2923; x_wconf 93' lang='lat' dir='ltr'><strong>qui</strong></span> <span class='ocrx_word' id='word_1_367' title='bbox 1029 2863 1182 2908; x_wconf 86' lang='lat' dir='ltr'><strong>insidebatnu-</strong></span> 
     </span>
     <span class='ocr_line' id='line_1_40' title="bbox 228 2923 1182 2982; baseline 0 -10"><span class='ocrx_word' id='word_1_368' title='bbox 228 2928 332 2982; x_wconf 79' lang='lat' dir='ltr'><strong>thronum</strong></span> <span class='ocrx_word' id='word_1_369' title='bbox 345 2924 397 2971; x_wconf 86' lang='lat' dir='ltr'><strong>Dei.</strong></span> <span class='ocrx_word' id='word_1_370' title='bbox 722 2923 750 2976; x_wconf 88' lang='lat' dir='ltr'><strong>br,</strong></span> <span class='ocrx_word' id='word_1_371' title='bbox 762 2923 839 2970; x_wconf 80' lang='lat' dir='ltr'><strong>falcem</strong></span> <span class='ocrx_word' id='word_1_372' title='bbox 848 2941 908 2970; x_wconf 88' lang='lat' dir='ltr'><strong>suarn</strong></span> <span class='ocrx_word' id='word_1_373' title='bbox 918 2927 940 2971; x_wconf 87' lang='lat' dir='ltr'><strong>iu</strong></span> <span class='ocrx_word' id='word_1_374' title='bbox 953 2934 1039 2980; x_wconf 92' lang='lat' dir='ltr'><strong>terram,</strong></span> <span class='ocrx_word' id='word_1_375' title='bbox 1051 2935 1073 2972; x_wconf 87' lang='lat' dir='ltr'><strong>et</strong></span> <span class='ocrx_word' id='word_1_376' title='bbox 1085 2927 1182 2973; x_wconf 83' lang='lat' dir='ltr'><strong>demessa</strong></span> 
     </span>
    </p>

    <p class='ocr_par' dir='ltr' id='par_1_11' title="bbox 228 2988 1183 3304">
     <span class='ocr_line' id='line_1_41' title="bbox 261 2988 833 3049; baseline -0.003 -13"><span class='ocrx_word' id='word_1_377' title='bbox 261 2995 275 3036; x_wconf 87' lang='grc'>6</span> <span class='ocrx_word' id='word_1_378' title='bbox 293 2989 382 3036; x_wconf 88' lang='lat' dir='ltr'><strong>Deinde</strong></span> <span class='ocrx_word' id='word_1_379' title='bbox 393 2988 437 3034; x_wconf 83' lang='lat' dir='ltr'><strong>vidi</strong></span> <span class='ocrx_word' id='word_1_380' title='bbox 449 2988 514 3035; x_wconf 86' lang='lat' dir='ltr'><strong>aliurn</strong></span> <span class='ocrx_word' id='word_1_381' title='bbox 526 2989 630 3049; x_wconf 81' lang='lat' dir='ltr'><strong>angelum</strong></span> <span class='ocrx_word' id='word_1_382' title='bbox 648 3005 688 3034; x_wconf 82' lang='lat' dir='ltr'><strong>vo·</strong></span> <span class='ocrx_word' id='word_1_383' title='bbox 722 3000 756 3032; x_wconf 83' lang='lat' dir='ltr'><strong>ear</strong></span> <span class='ocrx_word' id='word_1_384' title='bbox 770 3001 833 3034; x_wconf 75' lang='lat' dir='ltr'><strong>terra.</strong></span> 
     </span>
     <span class='ocr_line' id='line_1_42' title="bbox 229 3051 1182 3114; baseline -0.001 -14"><span class='ocrx_word' id='word_1_385' title='bbox 229 3053 309 3100; x_wconf 78' lang='lat' dir='ltr'><strong>hntern</strong></span> <span class='ocrx_word' id='word_1_386' title='bbox 327 3069 366 3114; x_wconf 89' lang='lat' dir='ltr'><strong>per</strong></span> <span class='ocrx_word' id='word_1_387' title='bbox 383 3053 479 3098; x_wconf 88' lang='lat' dir='ltr'><strong>medium</strong></span> <span class='ocrx_word' id='word_1_388' title='bbox 494 3053 555 3106; x_wconf 78' lang='lat' dir='ltr'><strong>coeti,</strong></span> <span class='ocrx_word' id='word_1_389' title='bbox 574 3054 689 3112; x_wconf 80' lang='lat' dir='ltr'><strong>habentem</strong></span> <span class='ocrx_word' id='word_1_390' title='bbox 757 3055 785 3096; x_wconf 88' lang='lat'><strong>17</strong></span> <span class='ocrx_word' id='word_1_391' title='bbox 802 3051 862 3097; x_wconf 90' lang='lat' dir='ltr'><strong>Tum</strong></span> <span class='ocrx_word' id='word_1_392' title='bbox 883 3052 938 3098; x_wconf 89' lang='lat' dir='ltr'><strong>alius</strong></span> <span class='ocrx_word' id='word_1_393' title='bbox 960 3053 1052 3114; x_wconf 85' lang='lat' dir='ltr'><strong>angelus</strong></span> <span class='ocrx_word' id='word_1_394' title='bbox 1073 3053 1153 3114; x_wconf 88' lang='lat' dir='ltr'><strong>prodiit</strong></span> <span class='ocrx_word' id='word_1_395' title='bbox 1172 3070 1182 3100; x_wconf 90' lang='lat' dir='ltr'><strong>c</strong></span> 
     </span>
     <span class='ocr_line' id='line_1_43' title="bbox 228 3115 1183 3179; baseline 0 -17"><span class='ocrx_word' id='word_1_396' title='bbox 228 3117 367 3179; x_wconf 81' lang='lat' dir='ltr'><strong>evangelium</strong></span> <span class='ocrx_word' id='word_1_397' title='bbox 378 3124 498 3168; x_wconf 87' lang='lat' dir='ltr'><strong>aeternum,</strong></span> <span class='ocrx_word' id='word_1_398' title='bbox 510 3123 535 3160; x_wconf 90' lang='lat' dir='ltr'><strong>ut</strong></span> <span class='ocrx_word' id='word_1_399' title='bbox 545 3116 688 3176; x_wconf 85' lang='lat' dir='ltr'><strong>evangeliza·</strong></span> <span class='ocrx_word' id='word_1_400' title='bbox 723 3115 812 3174; x_wconf 85' lang='lat' dir='ltr'><strong>templo,</strong></span> <span class='ocrx_word' id='word_1_401' title='bbox 829 3116 887 3175; x_wconf 88' lang='lat' dir='ltr'><strong>quod</strong></span> <span class='ocrx_word' id='word_1_402' title='bbox 898 3125 932 3161; x_wconf 86' lang='lat' dir='ltr'><strong>est</strong></span> <span class='ocrx_word' id='word_1_403' title='bbox 940 3117 963 3160; x_wconf 90' lang='lat' dir='ltr'><strong>in</strong></span> <span class='ocrx_word' id='word_1_404' title='bbox 974 3117 1051 3172; x_wconf 76' lang='lat' dir='ltr'><strong>cor¹103</strong></span> <span class='ocrx_word' id='word_1_405' title='bbox 1069 3118 1183 3162; x_wconf 70' lang='lat' dir='ltr'><strong>balnearet</strong></span> 
     </span>
     <span class='ocr_line' id='line_1_44' title="bbox 228 3178 960 3240; baseline 0.001 -15"><span class='ocrx_word' id='word_1_406' title='bbox 228 3188 261 3226; x_wconf 83' lang='lat' dir='ltr'><strong>ret</strong></span> <span class='ocrx_word' id='word_1_407' title='bbox 278 3181 355 3226; x_wconf 89' lang='lat' dir='ltr'><strong>ineolis</strong></span> <span class='ocrx_word' id='word_1_408' title='bbox 372 3188 448 3233; x_wconf 86' lang='lat' dir='ltr'><strong>terrae,</strong></span> <span class='ocrx_word' id='word_1_409' title='bbox 466 3180 566 3238; x_wconf 32' lang='lat' dir='ltr'><strong>etxomni</strong></span> <span class='ocrx_word' id='word_1_410' title='bbox 580 3180 649 3240; x_wconf 82' lang='lat' dir='ltr'><strong>genti,</strong></span> <span class='ocrx_word' id='word_1_411' title='bbox 666 3187 689 3225; x_wconf 93' lang='lat' dir='ltr'><strong>et</strong></span> <span class='ocrx_word' id='word_1_412' title='bbox 723 3178 769 3238; x_wconf 87' lang='lat' dir='ltr'><strong>ipse</strong></span> <span class='ocrx_word' id='word_1_413' title='bbox 780 3178 857 3224; x_wconf 84' lang='lat' dir='ltr'><strong>falcem</strong></span> <span class='ocrx_word' id='word_1_414' title='bbox 866 3189 960 3226; x_wconf 84' lang='lat' dir='ltr'><strong>acutam.</strong></span> 
     </span>
     <span class='ocr_line' id='line_1_45' title="bbox 228 3242 1181 3304; baseline 0.002 -16"><span class='ocrx_word' id='word_1_415' title='bbox 228 3246 298 3296; x_wconf 84' lang='lat' dir='ltr'><strong>tribui,</strong></span> <span class='ocrx_word' id='word_1_416' title='bbox 310 3252 332 3289; x_wconf 91' lang='lat' dir='ltr'><strong>et</strong></span> <span class='ocrx_word' id='word_1_417' title='bbox 344 3244 438 3304; x_wconf 80' lang='lat' dir='ltr'><strong>linguae,</strong></span> <span class='ocrx_word' id='word_1_418' title='bbox 450 3250 472 3288; x_wconf 91' lang='lat' dir='ltr'><strong>et</strong></span> <span class='ocrx_word' id='word_1_419' title='bbox 483 3243 581 3304; x_wconf 91' lang='lat' dir='ltr'><strong>populo;</strong></span> <span class='ocrx_word' id='word_1_420' title='bbox 758 3245 786 3286; x_wconf 88' lang='lat'><strong>18</strong></span> <span class='ocrx_word' id='word_1_421' title='bbox 803 3242 835 3286; x_wconf 90' lang='lat' dir='ltr'><strong>Et</strong></span> <span class='ocrx_word' id='word_1_422' title='bbox 846 3242 901 3288; x_wconf 89' lang='lat' dir='ltr'><strong>alius</strong></span> <span class='ocrx_word' id='word_1_423' title='bbox 911 3243 1003 3304; x_wconf 86' lang='lat' dir='ltr'><strong>angelus</strong></span> <span class='ocrx_word' id='word_1_424' title='bbox 1015 3244 1096 3304; x_wconf 76' lang='lat' dir='ltr'><strong>prodiit</strong></span> <span class='ocrx_word' id='word_1_425' title='bbox 1107 3244 1134 3290; x_wconf 87' lang='lat' dir='ltr'><strong>ah</strong></span> <span class='ocrx_word' id='word_1_426' title='bbox 1150 3243 1181 3289; x_wconf 77' lang='lat' dir='ltr'><strong>rd-</strong></span> 
     </span>
    </p>

    <p class='ocr_par' dir='ltr' id='par_1_12' title="bbox 227 3304 1242 3619">
     <span class='ocr_line' id='line_1_46' title="bbox 259 3304 1181 3367; baseline 0 -13"><span class='ocrx_word' id='word_1_427' title='bbox 259 3311 272 3354; x_wconf 85' lang='lat'>7</span> <span class='ocrx_word' id='word_1_428' title='bbox 291 3306 410 3352; x_wconf 83' lang='lat' dir='ltr'><strong>Dicentem</strong></span> <span class='ocrx_word' id='word_1_429' title='bbox 422 3304 503 3366; x_wconf 70' lang='lat' dir='ltr'><strong>megara</strong></span> <span class='ocrx_word' id='word_1_430' title='bbox 520 3321 581 3359; x_wconf 82' lang='lat' dir='ltr'><strong>voce,</strong></span> <span class='ocrx_word' id='word_1_431' title='bbox 598 3304 687 3352; x_wconf 78' lang='lat' dir='ltr'><strong>Timete</strong></span> <span class='ocrx_word' id='word_1_432' title='bbox 722 3305 770 3358; x_wconf 79' lang='lat' dir='ltr'><strong>tan,</strong></span> <span class='ocrx_word' id='word_1_433' title='bbox 782 3305 863 3351; x_wconf 88' lang='lat' dir='ltr'><strong>babens</strong></span> <span class='ocrx_word' id='word_1_434' title='bbox 875 3315 1005 3366; x_wconf 86' lang='lat' dir='ltr'><strong>potestatem</strong></span> <span class='ocrx_word' id='word_1_435' title='bbox 1015 3308 1037 3352; x_wconf 90' lang='lat' dir='ltr'><strong>in</strong></span> <span class='ocrx_word' id='word_1_436' title='bbox 1052 3307 1142 3367; x_wconf 69' lang='lat' dir='ltr'><strong>ignem</strong></span> <span class='ocrx_word' id='word_1_437' title='bbox 1162 3319 1181 3354; x_wconf 71' lang='grc' dir='ltr'><strong>τ’</strong></span> 
     </span>
     <span class='ocr_line' id='line_1_47' title="bbox 228 3367 1242 3431; baseline -0.002 -14"><span class='ocrx_word' id='word_1_438' title='bbox 228 3368 310 3425; x_wconf 78' lang='lat' dir='ltr'><strong>Deum,</strong></span> <span class='ocrx_word' id='word_1_439' title='bbox 327 3377 349 3416; x_wconf 87' lang='lat' dir='ltr'><strong>et</strong></span> <span class='ocrx_word' id='word_1_440' title='bbox 365 3371 385 3415; x_wconf 88' lang='lat' dir='ltr'><strong>ei</strong></span> <span class='ocrx_word' id='word_1_441' title='bbox 402 3370 488 3414; x_wconf 84' lang='lat' dir='ltr'><strong>tribuite</strong></span> <span class='ocrx_word' id='word_1_442' title='bbox 503 3369 614 3431; x_wconf 70' lang='lat' dir='ltr'><strong>gloriam</strong></span> <span class='ocrx_word' id='word_1_443' title='bbox 638 3385 687 3415; x_wconf 84' lang='lat' dir='ltr'><strong>nam</strong></span> <span class='ocrx_word' id='word_1_444' title='bbox 721 3367 824 3414; x_wconf 84' lang='lat' dir='ltr'><strong>clamarit</strong></span> <span class='ocrx_word' id='word_1_445' title='bbox 835 3385 890 3415; x_wconf 87' lang='lat' dir='ltr'><strong>voce</strong></span> <span class='ocrx_word' id='word_1_446' title='bbox 900 3367 982 3430; x_wconf 81' lang='lat' dir='ltr'><strong>magnai</strong></span> <span class='ocrx_word' id='word_1_447' title='bbox 992 3371 1019 3414; x_wconf 89' lang='lat' dir='ltr'><strong>ad</strong></span> <span class='ocrx_word' id='word_1_448' title='bbox 1030 3385 1081 3415; x_wconf 93' lang='lat' dir='ltr'><strong>eum</strong></span> <span class='ocrx_word' id='word_1_449' title='bbox 1092 3371 1129 3428; x_wconf 90' lang='lat' dir='ltr'><strong>qui</strong></span> <span class='ocrx_word' id='word_1_450' title='bbox 1144 3372 1172 3416; x_wconf 86' lang='lat' dir='ltr'><strong>ha</strong></span> <span class='ocrx_word' id='word_1_451' title='bbox 1236 3415 1242 3420; x_wconf 73' lang='grc'><strong>,</strong></span> 
     </span>
     <span class='ocr_line' id='line_1_48' title="bbox 227 3431 1182 3495; baseline -0.001 -15"><span class='ocrx_word' id='word_1_452' title='bbox 227 3435 287 3480; x_wconf 79' lang='lat' dir='ltr'><strong>teuit</strong></span> <span class='ocrx_word' id='word_1_453' title='bbox 305 3435 359 3480; x_wconf 87' lang='lat' dir='ltr'><strong>hora</strong></span> <span class='ocrx_word' id='word_1_454' title='bbox 372 3433 449 3495; x_wconf 87' lang='lat' dir='ltr'><strong>judicii</strong></span> <span class='ocrx_word' id='word_1_455' title='bbox 468 3434 532 3493; x_wconf 85' lang='lat' dir='ltr'><strong>ejus;</strong></span> <span class='ocrx_word' id='word_1_456' title='bbox 555 3441 578 3478; x_wconf 92' lang='lat' dir='ltr'><strong>et</strong></span> <span class='ocrx_word' id='word_1_457' title='bbox 596 3433 686 3478; x_wconf 86' lang='lat' dir='ltr'><strong>adorate</strong></span> <span class='ocrx_word' id='word_1_458' title='bbox 721 3431 783 3476; x_wconf 84' lang='lat' dir='ltr'><strong>bebat</strong></span> <span class='ocrx_word' id='word_1_459' title='bbox 801 3431 878 3477; x_wconf 79' lang='lat' dir='ltr'><strong>falcem</strong></span> <span class='ocrx_word' id='word_1_460' title='bbox 901 3446 993 3487; x_wconf 86' lang='lat' dir='ltr'><strong>acutam,</strong></span> <span class='ocrx_word' id='word_1_461' title='bbox 1016 3433 1098 3486; x_wconf 87' lang='lat' dir='ltr'><strong>dicens,</strong></span> <span class='ocrx_word' id='word_1_462' title='bbox 1116 3433 1182 3480; x_wconf 76' lang='lat' dir='ltr'><strong>Mitte</strong></span> 
     </span>
     <span class='ocr_line' id='line_1_49' title="bbox 228 3494 1179 3558; baseline 0 -16"><span class='ocrx_word' id='word_1_463' title='bbox 228 3512 276 3542; x_wconf 84' lang='lat' dir='ltr'><strong>eum</strong></span> <span class='ocrx_word' id='word_1_464' title='bbox 288 3498 324 3558; x_wconf 90' lang='lat' dir='ltr'><strong>qui</strong></span> <span class='ocrx_word' id='word_1_465' title='bbox 342 3499 393 3542; x_wconf 85' lang='lat' dir='ltr'><strong>feeit</strong></span> <span class='ocrx_word' id='word_1_466' title='bbox 409 3495 501 3549; x_wconf 83' lang='lat' dir='ltr'><strong>coelum,</strong></span> <span class='ocrx_word' id='word_1_467' title='bbox 520 3503 541 3542; x_wconf 88' lang='lat' dir='ltr'><strong>et</strong></span> <span class='ocrx_word' id='word_1_468' title='bbox 560 3503 646 3550; x_wconf 89' lang='lat' dir='ltr'><strong>terram,</strong></span> <span class='ocrx_word' id='word_1_469' title='bbox 665 3504 688 3542; x_wconf 91' lang='lat' dir='ltr'><strong>et</strong></span> <span class='ocrx_word' id='word_1_470' title='bbox 721 3494 799 3539; x_wconf 79' lang='lat' dir='ltr'><strong>l&#39;alcem</strong></span> <span class='ocrx_word' id='word_1_471' title='bbox 811 3503 871 3541; x_wconf 85' lang='lat' dir='ltr'><strong>tuam</strong></span> <span class='ocrx_word' id='word_1_472' title='bbox 883 3505 976 3548; x_wconf 86' lang='lat' dir='ltr'><strong>acutam,</strong></span> <span class='ocrx_word' id='word_1_473' title='bbox 988 3504 1011 3541; x_wconf 91' lang='lat' dir='ltr'><strong>et</strong></span> <span class='ocrx_word' id='word_1_474' title='bbox 1023 3497 1132 3542; x_wconf 87' lang='lat' dir='ltr'><strong>vindemia</strong></span> <span class='ocrx_word' id='word_1_475' title='bbox 1143 3498 1179 3542; x_wconf 74' lang='lat' dir='ltr'><strong>bra·</strong></span> 
     </span>
     <span class='ocr_line' id='line_1_50' title="bbox 229 3559 1180 3619; baseline 0.001 -14"><span class='ocrx_word' id='word_1_476' title='bbox 229 3576 292 3614; x_wconf 69' lang='lat' dir='ltr'><strong>aare,</strong></span> <span class='ocrx_word' id='word_1_477' title='bbox 304 3570 326 3607; x_wconf 86' lang='lat' dir='ltr'><strong>et</strong></span> <span class='ocrx_word' id='word_1_478' title='bbox 337 3559 409 3606; x_wconf 84' lang='lat' dir='ltr'><strong>sontes</strong></span> <span class='ocrx_word' id='word_1_479' title='bbox 420 3574 533 3619; x_wconf 89' lang='lat' dir='ltr'><strong>aquarum.</strong></span> <span class='ocrx_word' id='word_1_480' title='bbox 721 3566 767 3603; x_wconf 90' lang='lat' dir='ltr'><strong>tros</strong></span> <span class='ocrx_word' id='word_1_481' title='bbox 776 3559 852 3604; x_wconf 84' lang='lat' dir='ltr'><strong>vineae</strong></span> <span class='ocrx_word' id='word_1_482' title='bbox 861 3567 945 3616; x_wconf 86' lang='lat' dir='ltr'><strong>terrae;</strong></span> <span class='ocrx_word' id='word_1_483' title='bbox 963 3575 1013 3605; x_wconf 89' lang='lat' dir='ltr'><strong>uam</strong></span> <span class='ocrx_word' id='word_1_484' title='bbox 1023 3569 1121 3605; x_wconf 86' lang='lat' dir='ltr'><strong>maturae</strong></span> <span class='ocrx_word' id='word_1_485' title='bbox 1130 3572 1180 3606; x_wconf 90' lang='lat' dir='ltr'><strong>sunt</strong></span> 
     </span>
    </p>

    <p class='ocr_par' dir='ltr' id='par_1_13' title="bbox 227 3623 1179 3808">
     <span class='ocr_line' id='line_1_51' title="bbox 258 3623 840 3684; baseline 0 -17"><span class='ocrx_word' id='word_1_486' title='bbox 258 3627 272 3667; x_wconf 83' lang='grc'>8</span> <span class='ocrx_word' id='word_1_487' title='bbox 291 3623 323 3669; x_wconf 83' lang='lat' dir='ltr'><strong>Et</strong></span> <span class='ocrx_word' id='word_1_488' title='bbox 331 3623 385 3668; x_wconf 86' lang='lat' dir='ltr'><strong>alius</strong></span> <span class='ocrx_word' id='word_1_489' title='bbox 393 3623 486 3683; x_wconf 83' lang='lat' dir='ltr'><strong>angelus</strong></span> <span class='ocrx_word' id='word_1_490' title='bbox 494 3630 600 3681; x_wconf 88' lang='lat' dir='ltr'><strong>sequutus</strong></span> <span class='ocrx_word' id='word_1_491' title='bbox 607 3631 646 3674; x_wconf 84' lang='lat' dir='ltr'><strong>est,</strong></span> <span class='ocrx_word' id='word_1_492' title='bbox 654 3623 686 3666; x_wconf 88' lang='lat' dir='ltr'><strong>di·</strong></span> <span class='ocrx_word' id='word_1_493' title='bbox 720 3623 767 3684; x_wconf 84' lang='lat' dir='ltr'><strong>ejrrs</strong></span> <span class='ocrx_word' id='word_1_494' title='bbox 778 3637 840 3667; x_wconf 85' lang='lat' dir='ltr'><strong>uvae.</strong></span> 
     </span>
     <span class='ocr_line' id='line_1_52' title="bbox 227 3684 1179 3747; baseline 0.001 -16"><span class='ocrx_word' id='word_1_495' title='bbox 227 3701 285 3735; x_wconf 82' lang='lat' dir='ltr'><strong>reus,</strong></span> <span class='ocrx_word' id='word_1_496' title='bbox 303 3684 395 3738; x_wconf 84' lang='lat' dir='ltr'><strong>Cecidit,</strong></span> <span class='ocrx_word' id='word_1_497' title='bbox 413 3685 490 3730; x_wconf 87' lang='lat' dir='ltr'><strong>cecidit</strong></span> <span class='ocrx_word' id='word_1_498' title='bbox 508 3685 615 3744; x_wconf 88' lang='lat' dir='ltr'><strong>Babylon,</strong></span> <span class='ocrx_word' id='word_1_499' title='bbox 636 3688 687 3730; x_wconf 84' lang='lat' dir='ltr'><strong>urbs</strong></span> <span class='ocrx_word' id='word_1_500' title='bbox 754 3689 783 3732; x_wconf 88' lang='lat'><strong>19</strong></span> <span class='ocrx_word' id='word_1_501' title='bbox 808 3685 873 3732; x_wconf 81' lang='lat' dir='ltr'><strong>illisit</strong></span> <span class='ocrx_word' id='word_1_502' title='bbox 894 3685 963 3746; x_wconf 86' lang='lat' dir='ltr'><strong>igitur</strong></span> <span class='ocrx_word' id='word_1_503' title='bbox 983 3686 1077 3747; x_wconf 81' lang='lat' dir='ltr'><strong>augelus</strong></span> <span class='ocrx_word' id='word_1_504' title='bbox 1102 3685 1179 3732; x_wconf 82' lang='lat' dir='ltr'><strong>falcata</strong></span> 
     </span>
     <span class='ocr_line' id='line_1_53' title="bbox 228 3748 1174 3808; baseline 0.003 -15"><span class='ocrx_word' id='word_1_505' title='bbox 228 3751 261 3793; x_wconf 82' lang='lat' dir='ltr'><strong>&#39;lbr</strong></span> <span class='ocrx_word' id='word_1_506' title='bbox 274 3763 359 3808; x_wconf 76' lang='lat' dir='ltr'><strong>magna,</strong></span> <span class='ocrx_word' id='word_1_507' title='bbox 376 3748 426 3806; x_wconf 89' lang='lat' dir='ltr'><strong>quia</strong></span> <span class='ocrx_word' id='word_1_508' title='bbox 437 3749 513 3793; x_wconf 88' lang='lat' dir='ltr'><strong>vinum</strong></span> <span class='ocrx_word' id='word_1_509' title='bbox 525 3749 685 3793; x_wconf 83' lang='lat' dir='ltr'><strong>excandescen-</strong></span> <span class='ocrx_word' id='word_1_510' title='bbox 720 3763 780 3794; x_wconf 85' lang='lat' dir='ltr'><strong>suam</strong></span> <span class='ocrx_word' id='word_1_511' title='bbox 792 3759 878 3795; x_wconf 81' lang='lat' dir='ltr'><strong>acutam</strong></span> <span class='ocrx_word' id='word_1_512' title='bbox 891 3751 912 3794; x_wconf 88' lang='lat' dir='ltr'><strong>in</strong></span> <span class='ocrx_word' id='word_1_513' title='bbox 925 3761 1013 3804; x_wconf 83' lang='lat' dir='ltr'><strong>terram,</strong></span> <span class='ocrx_word' id='word_1_514' title='bbox 1025 3758 1048 3796; x_wconf 84' lang='lat' dir='ltr'><strong>et</strong></span> <span class='ocrx_word' id='word_1_515' title='bbox 1060 3749 1174 3796; x_wconf 70' lang='lat' dir='ltr'><strong>vindemia</strong></span> 
     </span>
    </p>

    <p class='ocr_par' dir='ltr' id='par_1_14' title="bbox 434 3814 479 3854">
     <span class='ocr_line' id='line_1_54' title="bbox 434 3814 479 3854; baseline -0.067 0"><span class='ocrx_word' id='word_1_516' title='bbox 434 3814 479 3854; x_wconf 77' lang='lat'><strong>284</strong></span> 
     </span>
    </p>
   </div>
   <div class='ocr_carea' id='block_1_4' title="bbox 0 0 1364 4312">
    <p class='ocr_par' dir='ltr' id='par_1_15' title="bbox 0 0 1364 4312">
     <span class='ocr_line' id='line_1_55' title="bbox 0 0 1364 4312; baseline 0 1"><span class='ocrx_word' id='word_1_517' title='bbox 0 0 1364 4312; x_wconf 95' lang='lat' dir='ltr'><strong> </strong></span> 
     </span>
    </p>
   </div>
  </div>
 </body>
</html>
