2756 4320
598 369 713 426 ACTA,
736 370 835 420 XVIII.

274 479 304 526 ta
321 475 353 523 Et
371 477 503 538 prehensum
522 491 572 522 eum
592 475 703 523 duxerunt
716 491 779 523 reum
797 477 868 524 uirum
886 493 952 537 quem
969 477 1060 532 definiit,
1080 477 1166 526 firls
1144 495 1191 538 esua

242 540 263 588 in
266 541 426 615 Areopagum,
435 541 539 593 dicentes,
550 539 703 587 Possumusne
728 556 762 587 rea
759 541 844 602 'palam
855 539 913 587 iactis
924 543 1031 597 omnibus,
1047 543 1085 588 illo
1102 558 1116 588 a
1132 557 1191 589 rnor-

242 605 297 650 scire
305 619 361 663 quae
372 604 400 650 sit
411 604 453 650 ista
464 619 528 658 nova,
540 605 567 649 de
578 601 621 664 quai
632 611 656 650 tu
667 604 701 650 lo·
729 604 772 650 tuis
783 605 896 650 suscitato.

241 669 320 728 queris,
332 665 458 714 doctrina?
760 671 794 714 52
810 667 888 721 Quum
898 668 1012 714 audissent
1028 676 1100 715 autem
1119 684 1194 714 resur·

274 736 305 776 20
323 729 703 791 PercgrinaenimquacdamInfers
730 732 851 778 rectionem
873 739 1018 786 mortuorum,
1046 733 1082 778 alii
1104 733 1194 792 quidem

242 797 328 840 auribus
339 795 434 840 nostris:
459 795 562 839 volumus
578 810 633 855 ergo
647 794 703 840 scire
730 796 805 840 sannis
813 811 864 841 enm
875 796 1017 856 excipiebant,
1027 796 1062 841 alii
1073 795 1194 842 verotbce·

242 860 344 919 quidnam
356 859 398 904 ista
409 858 447 904 sibi
459 858 535 903 velint.
730 860 789 911 bant,
803 859 926 905 Audiemus
937 866 959 904 te
970 857 1045 904 rursits
1056 861 1134 905 dehac
1146 875 1178 904 rc.

275 927 302 968 ‘21
323 919 456 983 (Caeterum
468 921 617 968 Athenienses
625 936 704 966 omnes
762 925 795 968 ³3
812 921 844 967 Et
861 923 892 970 ita
910 921 993 968 Paulus
1010 923 1079 969 exivit
1094 924 1196 969 emedio

242 995 264 1032 rt
275 986 374 1046 inquilini
385 987 482 1047 hospites
492 985 546 1031 nulli
562 985 598 1030 alii
616 985 646 1030 rei
662 1000 702 1029 va·
731 1001 814 1031 eorum

243 1051 326 1103 rabant,
343 1049 385 1096 nisi
403 1050 432 1097 ad
449 1049 566 1096 dicendum
583 1055 622 1094 aut
640 1049 701 1094 audi·
763 1053 796 1094 34
813 1049 916 1124 Quidam
922 1045 975 1096 vero
986 1063 1006 1095 er
1000 1049 1160 1096 adhaeserunt
1172 1058 1197 1098 et

242 1115 323 1160 rodum
335 1113 416 1173 aliquid
427 1110 500 1172 ιιοιι.)
731 1113 885 1158 crediderunt:
910 1113 932 1158 in
949 1115 1027 1173 quibus
1035 1111 1088 1174 furt
1099 1121 1122 1159 et
1133 1113 1197 1159 Dio·

275 1181 305 1222 22
318 1178 395 1231 Quum
401 1184 474 1224 autent
480 1176 614 1222 constitisset
621 1174 704 1220 Paulus
732 1177 809 1234 nysius
823 1177 965 1231 Areopagitas,
982 1183 1005 1222 et
1015 1177 1093 1223 mulier
1103 1177 1197 1223 aomina

242 1241 264 1286 ln
277 1242 349 1288 medio
359 1242 485 1302 Areopago,
497 1240 558 1293 dixit,
571 1239 620 1284 Vtri
630 1239 702 1285 Athe-
733 1239 844 1293 Damsns,
856 1249 879 1285 et
889 1246 924 1286 atti
936 1256 986 1285 cum
998 1255 1036 1286 ers

243 1305 337 1358 aienses,
354 1302 445 1350 omniuo
460 1304 573 1364 conspicio
589 1317 630 1348 vos
640 1302 704 1362 quasi

243 1368 396 1427 religiosiores.
869 1366 942 1414 CAP.
966 1367 1066 1413 XVIII.

275 1435 306 1476 95
324 1431 477 1478 PertransIens
487 1430 546 1476 enim
562 1437 586 1476 et
601 1436 703 1475 contem·
788 1430 898 1477 OSTEA
909 1431 996 1485 Paulus,
1005 1447 1072 1492 quum
1081 1432 1197 1478 discessis·

243 1495 305 1556 pluas
317 1509 378 1540 sacra
388 1503 467 1546 vestra,
479 1494 626 1540 invenietiarn
635 1508 703 1546 aram,
809 1503 842 1540 set
854 1495 955 1546 Athenis,
968 1497 1029 1541 venit
1041 1494 1174 1542 Corinthum
1186 1513 1194 1542 ι

243 1555 613 1618 currnscriptumerat‚IGNOT0
623 1556 702 1604 DEO
765 1557 831 1604 2Et
842 1566 928 1618 reperto
939 1559 1033 1618 quodam
1045 1559 1137 1613 Judaeo,
1152 1575 1195 1604 no·

244 1623 318 1677 Quem
335 1637 390 1683 ergo
405 1622 534 1682 ignorantes
550 1621 628 1675 colitis,
645 1621 704 1666 hunc
733 1623 793 1668 mIne
812 1622 900 1682 Aquila,
922 1621 1017 1667 Pontico
1036 1623 1131 1676 natione,
1157 1624 1197 1682 qui

244 1703 287 1748 ego
298 1687 360 1732 vobis
371 1686 489 1732 annuncio
733 1701 804 1748 nuper
820 1693 911 1731 venerat
926 1700 954 1731 ex
968 1685 1038 1738 ltalia,
1055 1695 1078 1731 et
1094 1685 1198 1733 Priscilla

276 1755 308 1796 24
324 1750 390 1796 Deus
400 1751 436 1796 ille
447 1764 484 1810 qur
477 1749 548 1796 iecit
564 1748 671 1794 mundum
682 1754 705 1794 et
734 1764 804 1794 uxore
814 1751 862 1810 ejus
880 1751 918 1811 (eo
934 1747 994 1808 quod
1009 1750 1113 1795 edisisset
1125 1749 1195 1796 Clau-

244 1816 318 1861 omnia
328 1830 384 1874 quae
394 1815 417 1860 in
428 1830 455 1860 eo
467 1820 524 1867 sunt,
536 1828 604 1873 quum
613 1813 641 1858 sit
649 1812 704 1857 coeli
734 1813 789 1866 dius,
801 1820 826 1858 ut
836 1827 914 1860 omnes
925 1812 1003 1860 Judaei
1017 1811 1090 1859 ltomri
1101 1814 1195 1859 excelle·

244 1887 266 1925 et
287 1888 358 1926 terrac
380 1878 533 1931 Dominus'
527 1892 550 1923 ιιι
575 1875 705 1922 manufactis
734 1875 795 1936 rent)
808 1877 962 1922 venitadeos.

245 1943 331 2003 templis
342 1958 386 1988 non
397 1943 495 1989 habitat:
766 1943 783 1986 5
799 1940 832 1985 Et
850 1941 900 2000 quia
918 1941 1016 2002 ejusdem
1035 1947 1083 1986 erat
1103 1940 1197 1992 artificii,

277 2010 307 2053 25
325 2006 375 2051 Nec
388 2007 487 2050 manibus
496 2004 610 2050 hominum
619 2003 705 2057 colitur,
735 2004 815 2050 mansit
825 2005 883 2065 apud
893 2020 938 2058 eos,
950 2011 973 2050 et
984 2005 1128 2064 operabatur:
1148 2013 1197 2052 erat

244 2069 334 2130 aliqu'us
356 2069 386 2114 rei
408 2083 483 2128 egens,
512 2082 580 2126 quum
601 2067 648 2128 ipse
669 2067 707 2112 det
734 2069 794 2113 enim
813 2083 848 2113 ars
865 2068 952 2113 illomm
970 2067 1078 2114 conticere
1096 2067 1198 2114 taberna·

244 2135 346 2179 omnibus
364 2133 439 2184 uitam,
457 2139 480 2176 et
498 2131 597 2184 halitum,
616 2137 639 2177 et
655 2145 704 2176 om·
735 2131 791 2177 cula.

194 2199 196 2203 ⁴
245 2198 297 2252 nia;
767 2199 784 2240 4
801 2193 929 2241 Diserebat
948 2203 1021 2241 autem
1040 2195 1062 2240 in
1081 2193 1197 2257 synagoga

277 2265 308 2308 26
326 2261 430 2320 Fecitque
441 2275 470 2305 ex
484 2275 529 2305 uno
546 2259 653 2320 sanguine
670 2264 704 2304 to·
735 2259 837 2304 omnibus
853 2260 951 2314 sabbatis,
969 2261 1008 2305 et
1002 2275 1024 2304 m
1034 2275 1095 2305 suam
1107 2267 1184 2305 senten

245 2332 290 2372 tam
306 2333 396 2386 gentem
413 2325 534 2376 hominum,
556 2331 581 2369 ut
600 2323 706 2368 habitaret
735 2324 788 2369 tiam
810 2323 928 2369 adducebat
950 2333 997 2369 turn
1019 2323 1122 2376 Judaeos,
1149 2330 1196 2370 tum

245 2404 309 2449 super
324 2386 426 2436 universis
442 2387 555 2448 superficie
571 2394 649 2440 terrae,
665 2387 704 2432 de·
738 2387 845 2434 Graecos.

245 2453 311 2498 finitis
322 2454 383 2499 statis
394 2452 534 2512 temporibus,
543 2459 566 2496 et
574 2451 651 2512 positis
660 2458 704 2496 ter·
768 2455 783 2496 5
803 2450 835 2496 Ut
846 2456 918 2496 autern
935 2451 1071 2496 advenerunt
1087 2465 1099 2496 e
1117 2449 1198 2496 Mace·

244 2517 309 2561 minis
320 2517 457 2562 habitationis
467 2523 561 2560 eorum·
555 2547 561 2570 ,
736 2511 802 2560 donli
811 2514 867 2560 Silas
875 2521 897 2560 et
906 2513 1044 2567 Timotheus,
1057 2515 1172 2574 constrlng
1157 2530 1198 2559 ‹re-

277 2583 307 2625 27
327 2579 359 2625 Ut
380 2585 510 2638 quaererent
532 2577 663 2630 Dominum,
686 2577 704 2622 si
735 2579 799 2623 batur
817 2578 894 2638 spiritu
915 2577 1004 2630 Paulus,
1024 2593 1075 2623 cum
1094 2577 1198 2622 testifica·

244 2638 302 2686 iorte
308 2643 425 2719 palpando
422 2657 472 2688 eum
480 2641 616 2695 mvenrrent
634 2656 703 2700 quan·
737 2642 796 2686 tione
806 2642 933 2702 praedicans
949 2641 1040 2689 Judaeis
1057 2640 1135 2688 Jesum
1152 2656 1198 2688 esse

244 2719 308 2763 quarn
328 2701 427 2764 profecte
446 2719 491 2749 ιιοιι
510 2699 579 2763 longe
598 2675 658 2748 abest
677 2703 705 2749 ab
738 2703 852 2752 Christum
864 2705 932 2750 illum.

245 2779 376 2826 unoquoque
387 2767 503 2812 nostrum.
768 2773 783 2814 6
801 2767 858 2829 Ipsis
869 2776 942 2814 autem
951 2783 999 2813 sese
1010 2768 1164 2814 obsistentibus
1173 2783 1199 2814 sc

277 2835 306 2875 28
325 2829 366 2875 In
361 2845 409 2890 ipso
418 2845 476 2874 emm
485 2844 587 2882 vrvunus
595 2836 617 2874 et
625 2843 703 2874 move
735 2829 940 2892 blasphemantibus,
970 2833 1068 2876 excussis
1101 2833 1199 2878 vestibus

244 2910 299 2948 mur,
311 2901 334 2940 et
344 2909 437 2948 sumus
454 2893 511 2938 sicut
520 2900 543 2938 et
554 2893 641 2952 quidam
653 2909 703 2938 ves·
736 2895 791 2940 dlxit
810 2895 848 2948 eis,
866 2895 961 2956 Sanguis
979 2903 1053 2940 vester
1071 2903 1116 2941 esto
1133 2910 1200 2954 super

245 2960 333 3012 trathm
344 2965 458 3033 poetarum
470 2957 579 3010 dixerunt,
592 2956 652 3003 Nam
661 2958 702 3002 hu
735 2965 801 3018 caput
817 2968 931 3004 vestrum:
950 2973 1018 3018 purus
1036 2974 1092 3020 ego:
1112 2959 1140 3004 ab
1156 2959 1199 3004 hoc

244 3040 277 3086 Jus
288 3023 405 3085 progenles
416 3023 489 3068 etiam
493 3036 577 3067 sumus.
735 3029 834 3083 ternpore
845 3023 961 3082 adgentes
972 3021 1102 3082 proficiscar

276 3092 307 3135 29
325 3087 448 3148 Progenies
458 3101 513 3147 ergo
527 3084 572 3130 Del
589 3101 656 3145 quum
674 3086 703 3131 si·
767 3088 782 3132 7
799 3086 832 3132 Et
846 3086 958 3146 digressus
977 3085 1037 3131 illinc
1054 3085 1140 3131 introut
1158 3085 1200 3131 ‹lo-

245 3167 299 3205 mus,
323 3167 368 3197 non
387 3151 491 3196 debemus
507 3149 632 3195 existimare
651 3164 704 3195 auro
735 3163 796 3195 mum
808 3150 920 3211 cujusdam
932 3150 1021 3194 nomine
1032 3149 1098 3202 lusti,
1107 3149 1201 3195 colentis

245 3224 266 3262 et
277 3222 376 3276 argento,
394 3221 433 3259 aut
442 3213 514 3274 laprdr,
533 3213 657 3274 sculpturae
668 3228 704 3258 ar·
737 3213 820 3267 Deum,
843 3214 906 3274 cujus
928 3214 1006 3258 domus
1033 3220 1080 3258 erat
1107 3211 1202 3260 conlinit

245 3279 310 3331 tabell,
322 3284 344 3324 et
352 3277 520 3337 excogitationis
529 3277 649 3330 hominum,
662 3292 704 3322 nu·
735 3291 870 3338 synagogae.
907 3319 908 3324 ,

245 3357 294 3388 men
306 3357 354 3387 esse
366 3341 442 3386 simile.
768 3346 782 3385 8
800 3339 893 3400 Crispus
904 3346 976 3384 autem
993 3338 1116 3400 praefectus
1133 3355 1189 3399 syna

275 3409 308 3451 50
325 3405 390 3451 Deus
401 3404 474 3464 igitur,
491 3403 625 3464 temporibus
642 3403 704 3449 istius
734 3401 1201 3464 gogaecrediditDominocurntotidomo

245 3469 381 3528 Ignorantiae
399 3467 537 3512 connivendo
556 3467 703 3520 dissImulatis,
735 3465 788 3513 suit·
807 3467 914 3528 multique
932 3465 1099 3513 Corinthiorum
1110 3467 1201 3513 audien·

245 3547 303 3578 nunc
318 3531 435 3577 denunciat
451 3531 551 3576 omnibus
566 3531 646 3590 ubique
662 3532 703 3576 ho·
734 3537 768 3576 tes
779 3531 896 3576 credebant
904 3539 926 3576 et
936 3531 1111 3592 baptizabantur.

246 3595 338 3640 nrinibus
349 3603 374 3640 ut
383 3595 525 3654 resipiscant.
768 3599 783 3642 9
800 3594 866 3642 Dixit
877 3601 950 3640 autem
963 3593 1077 3640 Dominus
1086 3600 1152 3640 nocte
1162 3609 1201 3656 per

236 3681 239 3692 «
276 3653 704 3719 31quuodstaruudremqquuste
735 3658 843 3703 visionem
854 3656 931 3710 Paulo,
940 3657 1046 3706 Notitae.
1055 3657 1200 3718 setlloquerq

246 3719 379 3766 audientums
393 3721 518 3845 estp‘rpem
535 3728 649 3772 terrarum,
666 3737 706 3782 per
735 3727 758 3766 et
768 3735 797 3766 ne
807 3721 918 3776 tacueris,
962 3777 963 3780 Ἰ
