2720 4312
540 359 709 410 EPISTOLA
733 361 839 410 PAULI

239 467 273 512 50
296 463 344 514 Cur
370 466 436 512 etism
461 482 503 513 nos
523 467 672 528 periclitemur
729 471 761 514 46
778 466 812 513 At
820 467 931 528 spirituale
940 483 984 514 non
995 474 1112 530 estpnrrs;
1132 469 1170 515 ssd

211 544 269 576 emm
283 529 416 576 momento?
697 531 798 583 snimsle,
810 531 888 576 deinde
898 531 1018 592 spiritusle.

240 597 269 638 31
290 591 318 638 lu
327 593 373 638 dies
380 593 479 654 singulos
484 593 567 639 morior
573 609 613 655 per
620 594 671 656 glo·
730 597 761 641 47
781 594 869 641 Primus
880 595 947 640 homo
958 611 971 641 e
982 592 1046 647 terni,
1061 595 1164 656 pulvere·

210 657 323 702 ristionem
346 664 449 709 vestram
468 672 534 715 quum
556 658 626 704 habeo
649 659 671 704 in
698 673 742 714 us;
760 659 869 704 secundus
879 659 946 704 homo
957 659 1004 720 ipss
1021 659 1165 706 Dominuss

210 715 300 768 Christo
308 718 363 767 Jesu
376 719 477 766 Domino
489 728 572 766 nostro.
699 721 770 768 coelo.

240 786 273 828 32
290 783 313 829 si
325 781 446 829 secundum
463 784 575 830 homiuem
592 784 671 830 sdver-
731 788 763 830 48
781 784 860 839 Qualis
875 785 993 846 pulvereus
1009 785 1052 839 ille,
1069 786 1124 832 tates
1141 795 1165 834 tt

209 843 246 893 uls
257 847 337 892 bestius
348 847 445 908 pugnavi
455 847 545 908 Ephesi,
553 862 610 908 quse
620 849 673 894 mihi
699 848 798 909 pulverei
809 855 861 912 suot
871 866 876 894 r
896 858 919 894 et
927 849 997 908 qualis
1007 849 1044 895 ule
1054 850 1165 910 coelestrr,

210 910 296 965 utilitas,
319 910 337 956 si
357 911 437 956 mortui
457 925 502 956 non
520 912 672 958 suscitantur?
700 912 755 958 tales
766 911 833 971 etqui
844 912 951 958 coelestes
962 919 1038 958 enrut.
1119 920 1121 924 '

211 971 310 1020 Edsmus
321 981 343 1020 et
354 975 467 1032 hibernum
489 989 538 1022 crus
552 976 611 1021 enim
623 991 671 1022 mo·
733 979 765 1023 49
782 975 814 1021 Et
825 976 881 1022 sicut
892 977 1028 1037 gestavimus
1044 976 1164 1038 imagines

210 1044 297 1086 utemur.
700 1039 789 1092 terreni,
807 1041 942 1100 gestabimus
960 1041 1025 1086 etiarn
1044 1053 1164 1101 zmsgrnem
1247 1061 1252 1065 ·

242 1106 273 1148 35
291 1099 329 1147 Ne
340 1109 424 1148 errute:
445 1101 523 1148 Mores
530 1103 601 1148 bonos
609 1118 671 1149 com·
701 1103 812 1148 coelestis.

212 1166 290 1212 nen-is
300 1172 444 1226 corrumpunt
455 1166 519 1212 muln.
734 1169 767 1213 50
783 1170 799 1226 1
814 1165 1011 1220 Hocautemdico,
1020 1172 1106 1220 iratres,
1113 1181 1166 1228 quus

241 1233 273 1274 34
290 1227 478 1291 Evigiletejustb,
494 1237 516 1275 et
527 1244 556 1276 ne
566 1237 672 1291 peccate3
701 1245 753 1276 caro
770 1236 793 1275 et
812 1231 902 1290 sanguis
922 1245 967 1276 nou
984 1237 1077 1292 possunt
1099 1231 1165 1292 regni

208 1294 368 1352 quidamenim
381 1292 456 1338 Deum
473 1309 517 1340 nou
529 1292 626 1340 norunt:
645 1295 673 1340 sd
703 1293 748 1339 Dei
770 1293 926 1340 haereditatem
948 1295 1068 1354 consequi:
1092 1310 1165 1354 neque

209 1357 315 1418 pudorem
327 1357 390 1402 robis
401 1359 558 1403 enutriendum
569 1357 655 1418 loquor.
701 1357 814 1418 corruptio
825 1358 929 1418 consequi
944 1359 1084 1420 incorruptae
1100 1367 1166 1406 uatu-

240 1423 272 1466 ³5
290 1420 323 1466 At
331 1420 389 1465 dicet
398 1419 480 1480 uliquis,
492 1421 612 1473 Quomodo
622 1437 672 1467 sus·
702 1436 739 1467 roe
750 1421 912 1468 haereditatem.

209 1483 303 1529 citantur
314 1482 412 1528 mortui?
429 1484 486 1544 quali
498 1491 571 1530 sutem
580 1500 673 1546 corpore
734 1488 762 1532 51
783 1485 850 1539 Ecce,
872 1486 1002 1546 mysterium
1023 1485 1087 1532 vobis
1108 1485 1165 1540 dico,

210 1545 338 1608 prodeunt?
637 1591 647 1609 's
703 1546 1120 1609 Nonomnesquidtmobuormiemus,
1128 1550 1166 1596 sed

240 1615 272 1656 56
289 1610 397 1662 Demens,
409 1610 468 1670 quod
477 1617 501 1656 tu
509 1625 570 1666 sens,
584 1626 629 1658 nnn
639 1612 673 1658 vi·
703 1627 780 1659 omnes
792 1614 929 1666 mutabimur,
941 1622 1061 1674 momento,
1073 1615 1165 1676 etinctu

211 1675 280 1727 viscit,
292 1674 334 1719 uisi
346 1681 457 1720 mortuum
469 1674 550 1721 fuerit:
702 1677 767 1730 oculi,
779 1677 806 1723 ad
817 1677 917 1724 ultimum
928 1679 1017 1724 tubam:

240 1740 271 1784 57
289 1737 321 1786 Et
332 1739 392 1798 quod
403 1739 463 1792 seris,
479 1754 523 1784 non
536 1754 616 1801 corpus
627 1742 673 1786 ori·
735 1745 766 1788 52
785 1739 857 1788 Cauet
867 1742 927 1789 enim
938 1743 996 1794 tuba,
1005 1749 1028 1786 et
1036 1741 1116 1786 mortui
1125 1755 1166 1786 ex-

210 1811 283 1848 turum
305 1804 366 1856 seris,
395 1803 433 1848 sed
460 1803 543 1849 nudum
571 1819 672 1865 granum,
702 1804 827 1851 citabuntur
837 1805 964 1867 incorrupti,
981 1813 1004 1852 et
1018 1806 1167 1850 nosmutabi-

211 1877 276 1926 prout
287 1866 393 1921 inciderit,
406 1867 477 1919 tritici.
489 1876 527 1914 sut
538 1867 629 1930 alicujus
644 1883 673 1915 ex
703 1883 759 1914 mur.

211 1930 298 1990 reliquis
309 1932 437 1977 sensisibus.
736 1936 767 1979 53
785 1931 880 1994 Oportet
891 1933 949 1979 euim
962 1932 1019 1978 istud
1030 1932 1166 1992 corntptioni

241 1998 273 2039 58
291 1994 412 2040 Sechus
422 1995 442 2040 ci
455 1994 492 2040 dot
503 2010 582 2056 corpus
594 2003 619 2041 ut
631 2011 672 2041 vo·
703 1996 823 2042 obnoxium
844 1997 935 2042 induere
953 1997 1102 2056 incorruptam
1125 2011 1165 2042 ns·
1218 2036 1220 2039 .

209 2056 382 2118 luitctsiugulis
389 2058 507 2104 seminibus
516 2074 672 2120 suumcorpus.
703 2068 782 2113 turam,
798 2066 821 2105 et
832 2060 925 2106 mortale
941 2061 1000 2105 istud
1015 2060 1106 2106 iuduere
1123 2060 1166 2105 im-

240 2125 273 2168 39
290 2120 344 2166 Non
356 2122 429 2167 omnis
445 2136 496 2166 caro
513 2123 588 2168 eadem
605 2137 670 2170 caro:
703 2124 868 2170 mortalitatem.

209 2185 247 2230 scd
258 2184 300 2231 alia
315 2185 403 2244 quidem
420 2201 471 2231 caro
491 2186 613 2240 hominum,
631 2187 674 2234 ulia
735 2191 767 2234 54
784 2187 860 2241 Quum
877 2194 951 2234 autem
967 2187 1011 2232 hoc
1028 2186 1166 2248 corruptioni

209 2245 261 2295 verri
272 2265 323 2295 caro
334 2265 446 2311 pecorum,
456 2249 497 2296 alis
508 2248 561 2297 verti
572 2250 672 2312 piscium,
703 2251 823 2298 obnoxium
839 2251 936 2297 induerit
954 2251 1104 2312 incorruptum
1124 2267 1165 2297 nu-

208 2313 251 2360 ulis
260 2311 313 2360 vero
324 2315 455 2362 volucrium.
703 2322 782 2366 turam,
799 2322 822 2360 et
840 2316 933 2360 mortale
947 2316 990 2362 hoc
1006 2315 1109 2373 induerit·
1121 2315 1164 2360 im-

240 2381 273 2424 40
290 2375 322 2424 Et
337 2386 392 2425 sunt
411 2394 504 2440 corpora
522 2378 631 2433 coelestia,
649 2385 672 2424 et
704 2379 866 2433 mortalitatem,
894 2385 948 2424 tunc
967 2379 1005 2424 liet
1026 2378 1080 2424 illud
1106 2380 1166 2444 quod

207 2443 494 2502 tuntcorporsterrestris:
514 2443 615 2489 sedulius
622 2445 671 2503 qui·
703 2443 809 2504 scriptum
819 2449 860 2497 est,
878 2443 989 2504 Absorpts
1006 2449 1040 2488 est
1057 2457 1117 2487 mors
1137 2444 1166 2488 aul

207 2505 257 2551 dem
269 2505 396 2552 coelestium
408 2508 480 2557 decor.
497 2507 553 2554 alius
561 2505 615 2553 verb
626 2516 669 2554 ter·
703 2507 824 2553 victorium.

209 2570 319 2614 restrium.
470 2564 473 2569 ’
735 2575 766 2618 55
785 2571 829 2616 Ubi
840 2579 884 2624 tua,
896 2567 910 2615 ὃ
920 2585 987 2624 mors,
1003 2568 1114 2615 uictoris?
1132 2571 1166 2615 ubi

239 2637 268 2677 41
289 2633 353 2678 Alius
362 2633 429 2679 decor
437 2634 496 2687 solis,
508 2641 530 2679 et
541 2634 596 2680 nlius
605 2635 672 2680 decor
701 2641 760 2687 tuus,
772 2631 940 2696 &sepulchrum
951 2633 1060 2680 aculeius?

206 2695 277 2750 lunsc.
289 2703 312 2742 et
321 2695 377 2742 elius
388 2697 454 2742 decor
461 2697 588 2744 stellurum:
608 2699 672 2745 stella
735 2702 766 2744 56
783 2698 883 2747 Aculeus
891 2695 945 2744 verri
957 2698 1034 2743 mortis
1044 2704 1076 2743 est
1087 2712 1165 2758 pecca·

206 2760 265 2806 euim
277 2775 291 2806 n
302 2756 365 2804 stetis
375 2767 471 2820 praestat
481 2761 569 2806 decore
703 2769 764 2808 tum:
783 2763 900 2808 visentem
912 2762 1001 2823 peccati,
1013 2761 1056 2806 len

238 2827 270 2870 42
288 2821 378 2869 Itserr‘t
389 2830 412 2869 et
423 2825 553 2870 resurrectio
570 2834 669 2871 mortuo·
734 2828 766 2872 57
784 2826 828 2873 Sed
840 2826 892 2872 Deo
903 2828 932 2872 sit
943 2825 1021 2886 gratis,
1031 2824 1069 2884 qui
1080 2824 1165 2870 datno·

206 2903 271 2944 rum3
289 2887 370 2934 seritur
381 2903 463 2948 coques
478 2890 613 2948 corruptioni
630 2890 669 2935 ob·
701 2890 861 2936 bisvictoriam
874 2905 913 2951 per
925 2889 1050 2936 Dominum
1066 2895 1166 2934 nostrum
1198 2895 1202 2902 ’

206 2953 305 3007 noxium,
333 2952 450 2998 suscitatur
471 2968 522 2998 cum
544 2951 671 3015 incorrupti
691 2951 780 3002 'lesum
794 2951 916 3001 Christum.

206 3015 300 3066 staturi:
734 3021 765 3064 58
783 3015 869 3077 Itaque,
880 3017 958 3062 fratres
968 3015 1012 3062 mci
1020 3015 1098 3070 uteru
1109 3013 1159 3061 firm

238 3085 270 3128 45
287 3081 373 3128 Seritur
383 3081 479 3131 foedum.
492 3082 609 3128 suscitatur
619 3096 671 3128 cum
701 3089 780 3136 estote,
798 3081 890 3134 immoti,
907 3081 1042 3127 abundantes
1059 3079 1081 3124 iu
1100 3094 1166 3140 opere

205 3146 300 3194 decore:
320 3147 400 3193 seritur
415 3150 514 3192 omnium
531 3146 611 3191 virium
630 3160 670 3190 ex·
704 3145 798 3192 Domini
817 3159 910 3206 semper,
925 3159 994 3204 quum
1013 3143 1087 3190 scintis
1104 3143 1166 3188 lubo-

207 3225 263 3271 pcrs,
275 3212 394 3256 suscitatur
409 3219 505 3271 potens:
524 3211 604 3256 seritur
620 3225 670 3254 cor·
701 3223 749 3256 rem
761 3217 859 3256 restrum
871 3223 916 3254 uon
927 3223 976 3254 esse
984 3208 1072 3254 inanem
1081 3207 1104 3254 in
1115 3206 1165 3253 Do-

207 3288 247 3336 pus
258 3273 358 3328 animale,
376 3275 493 3320 suscitatur
509 3289 590 3334 corpus
606 3274 670 3335 spiri·
702 3274 770 3319 mino.

205 3337 271 3384 ruste.

238 3404 269 3445 ,44
287 3399 331 3446 Est
341 3415 422 3462 corpus
432 3400 532 3454 suimnlc,
544 3408 566 3446 et
578 3408 611 3446 est
620 3415 669 3446 cor·
856 3397 924 3446 CAP.
951 3397 1022 3444 xvi.

208 3479 245 3521 pus
260 3465 377 3525 spirituale.
728 3462 851 3526 ')ORRO
869 3463 896 3508 de
912 3459 1005 3514 collectis
1023 3463 1046 3508 in
1068 3469 1163 3516 sanctos

238 3531 268 3574 45
288 3526 400 3575 Itsetism
411 3527 515 3588 scriptum
529 3534 570 3580 est,
588 3526 670 3574 Factus
735 3545 745 3554 “
788 3527 974 3586 quemadmodum
985 3526 1086 3572 ordinavi
1094 3525 1163 3572 eccles

205 3603 239 3640 cst
249 3591 388 3652 priorlsomo
400 3593 473 3639 Adam
484 3593 566 3639 suimul
574 3593 667 3638 rivensr
702 3592 740 3638 sus
752 3591 860 3646 Galatiae,
872 3591 904 3640 in
912 3598 935 3638 ct
944 3607 987 3638 ,uos
997 3590 1070 3636 facite.

206 3655 314 3718 posterior
326 3664 401 3703 tutem
413 3653 574 3718 Adumfactur
584 3656 670 3717 estspi-
734 3659 749 3700 2
768 3654 845 3700 Primo
861 3671 949 3716 quoque
965 3657 1003 3701 die
1019 3655 1162 3704 hebdomariis

207 3725 261 3766 utus
271 3716 379 3764 vivificus
395 3779 444 3822 wo
703 3720 854 3780 uuusquisque
875 3720 975 3766 vestrum
997 3719 1054 3767 auud
1082 3734 1106 3764 se
1131 3735 1160 3764 re·
