2720 4312
499 394 523 436 ὅ.
536 388 703 436 EPISTOLA
714 387 869 436 JOANNIS.

240 502 271 548 12
293 499 370 556 Quum
391 499 461 546 muita
481 498 583 544 haberem
604 496 667 542 vobis
699 502 779 549 turum,
791 503 815 542 ut
826 497 930 560 gaudium
943 503 1043 544 nostrum
1055 497 1152 544 sitem

207 565 326 618 scribenda,
337 564 396 610 nolui
414 579 453 624 per
466 563 563 608 chartam
574 567 596 607 et
607 568 665 606 atra·
698 561 788 621 pletum.

207 638 322 688 tumtum
340 628 378 673 sed
389 643 453 688 spero
463 641 498 672 me
509 632 627 670 venturum
638 624 667 670 sd
732 627 761 669 15
778 623 879 670 Sulutsnt
895 629 917 670 te
933 622 971 669 filii
982 623 1064 670 sororis
1075 629 1126 673 tuus
1136 639 1154 668 s

207 687 665 754 mapmseutemprseseutibusloquu·
697 687 775 734 tectae
808 687 891 734 Amen.

143 1025 155 1032 ⁴
240 1101 246 1112 -
321 1072 1044 1134 JOANNISAPOSTOLIEPISTOLA

241 1159 243 1168 ’
441 1191 719 1251 cormones
744 1191 928 1250 ruurrr.

209 1337 480 1455 PRESBYTER
503 1337 562 1384 Gaio
580 1337 667 1392 dilecto,
699 1343 746 1382 tum
758 1336 815 1383 inter
825 1352 864 1383 eos
874 1337 942 1384 unbit
959 1337 1099 1400 Diouepbes,
1115 1351 1159 1386 uo!

290 1417 357 1462 quern
368 1418 412 1464 ego
423 1398 476 1448 vere
486 1401 562 1462 diligo.
700 1401 776 1460 recipit
787 1416 835 1446 nos.

238 1469 254 1512 2
270 1465 366 1520 Dilecta,
377 1467 399 1510 iu
411 1464 487 1526 primis
503 1473 562 1526 opto,
574 1471 598 1510 ut
614 1479 666 1524 pro·
733 1467 763 1510 10
780 1463 906 1525 Propterea,
918 1465 1032 1518 sivenero,
1041 1479 1153 1526 suggeres

205 1543 268 1590 spere
286 1544 340 1590 eger
356 1536 380 1576 et
394 1529 473 1583 velem,
488 1529 544 1574 sicut
562 1523 667 1590 prospere
699 1527 766 1587 ipsius
777 1527 875 1574 facinora
890 1543 946 1588 quae
964 1528 1023 1582 facit,
1034 1530 1106 1575 verbis
1117 1529 1147 1574 im

156 1599 158 1608 '
207 1593 390 1654 sgitsnimstus.
699 1593 771 1651 probis
782 1591 881 1652 garriens
890 1591 912 1636 in
924 1607 982 1648 nos3
998 1593 1078 1652 quique
1094 1593 1153 1638 etiso

237 1660 254 1702 3
271 1655 368 1703 Guvisus
379 1671 428 1702 sum
443 1655 502 1701 enim
516 1655 586 1708 valde,
598 1669 666 1715 quum
698 1655 732 1700 his
744 1670 788 1699 non
799 1662 924 1708 contentus,
935 1671 1006 1715 neque
1023 1657 1068 1716 ipse
1085 1657 1154 1716 recipe

164 1755 171 1768 ,
206 1720 307 1767 renirent
327 1720 412 1774 fratres,
434 1727 457 1766 et
477 1719 604 1766 testimonio
626 1734 667 1765 suo
698 1718 783 1770 tratres,
795 1725 818 1764 et
828 1719 864 1778 qui
881 1719 960 1765 volunt
975 1721 1074 1779 recipere
1084 1720 1156 1781 prohi-

205 1783 385 1831 commendarent
420 1784 566 1830 sinceritatem
599 1789 667 1838 tuam,
698 1783 742 1836 bet,
754 1789 776 1828 et
787 1796 815 1828 ex
826 1781 917 1829 ecclesii
928 1783 992 1844 ejicit.

205 1856 272 1910 prout
282 1857 306 1893 tu
317 1844 403 1895 sincere
413 1847 517 1894 mnhulus.
733 1849 758 1891 11
779 1845 1070 1906 Dilecteneimitsrequo'd
1079 1846 1157 1892 mulum

237 1910 518 1972 4Mujusistisgaudium
531 1923 575 1956 non
590 1909 666 1963 habeo,
698 1917 738 1964 est,
754 1911 792 1955 sed
807 1911 866 1970 quod
881 1911 1015 1956 bonumest.
1048 1909 1094 1964 Qui
1105 1911 1156 1956 beru

151 2025 155 2030 ⁵
206 1990 273 2035 quum
284 1977 387 2022 videlicet
397 1977 462 2021 audio
473 1974 530 2020 iiiios
541 1989 603 2020 meos
619 1975 666 2019 sin·
698 1973 756 2027 iacit,
776 1988 805 2019 ex
825 1973 877 2019 Deo
893 1981 942 2028 est;
959 1974 994 2034 qui
1014 1981 1088 2020 autem
1103 1968 1160 2021 moli

206 2035 256 2085 sere
266 2039 383 2085 ambulare.
699 2036 758 2090 facit,
770 2052 814 2082 nou
827 2037 880 2082 vidit
889 2036 972 2086 Deum.

237 2104 253 2149 ⁵
277 2101 372 2155 Dflecte,
394 2101 487 2147 fideliter
503 2100 551 2162 agis
566 2099 669 2160 quicquid
735 2104 763 2145 12
780 2100 897 2146 Demetrio
914 2100 1063 2146 testimonium
1088 2101 1148 2148 reddi

205 2165 258 2213 iscis
279 2181 334 2228 ergo
353 2165 439 2219 fratres,
461 2173 484 2211 et
499 2179 554 2226 erga
569 2165 667 2226 peregri·
701 2170 748 2209 tum
760 2171 793 2210 est
803 2166 830 2210 ab
846 2165 953 2217 omnibus,
964 2172 987 2210 et
1002 2166 1030 2210 ab
1045 2161 1091 2225 ipsi
1102 2165 1148 2210 veri
1200 2183 1204 2186 ·

205 2243 261 2285 ποις
700 2235 744 2273 tate
753 2245 761 2283 ς
778 2229 816 2274 sed
827 2235 850 2274 et
865 2244 906 2274 uos
922 2228 1071 2274 testimouium
1088 2229 1149 2288 periti

236 2297 252 2340 6
270 2292 316 2347 Qut
327 2293 452 2338 testimonio
469 2307 510 2338 suo
525 2288 667 2338 commendi-
700 2291 792 2337 bemus:
819 2299 842 2338 et
858 2290 928 2338 nostis
943 2293 1093 2339 testimouium
1107 2307 1149 2338 uos

205 2364 257 2404 runt
277 2357 404 2403 charitatem
427 2364 486 2402 tuum
508 2356 531 2402 in
549 2363 668 2416 conspectu
700 2363 758 2400 trum
770 2371 846 2401 verum
857 2372 912 2402 esse

204 2421 324 2476 ecclesian
350 2436 406 2480 quos
423 2416 482 2466 recte
498 2419 564 2467 facie:
581 2420 598 2466 si
615 2435 667 2480 pro·
734 2419 764 2465 15
780 2419 855 2466 Mults
864 2434 952 2479 possem
961 2419 1160 2473 scribereseduo·

205 2495 310 2544 sequutus
321 2484 395 2538 fueris,
408 2492 432 2530 ut
445 2484 496 2530 Deo
507 2484 599 2545 dignum
610 2490 651 2528 est.
699 2482 722 2528 lo
740 2496 779 2542 per
797 2490 943 2530 atramentum
960 2491 983 2529 et
998 2483 1106 2528 calamum
1123 2483 1161 2530 tibi

237 2551 251 2595 7
264 2547 324 2594 Nam
333 2563 372 2608 pro
379 2549 468 2593 nomine
473 2549 520 2608 ejus
526 2553 669 2593 excesserunt
700 2549 800 2594 seribere.

206 2625 233 2658 ex
243 2613 352 2672 gentibus,
363 2611 417 2656 nihil
428 2612 564 2672 accipientes.
734 2614 764 2655 14
780 2610 850 2670 Spero
866 2617 939 2656 nutem
954 2609 1002 2656 sore
1016 2616 1041 2655 ut
1056 2609 1128 2656 statim
1140 2616 1161 2656 ts

236 2680 251 2720 8
270 2673 319 2720 Nos
330 2689 384 2733 ergo
396 2675 498 2720 debemus
514 2675 609 2734 recipere
625 2673 667 2718 hu·
699 2673 794 2727 videam,
805 2681 827 2720 et
838 2682 893 2720 tuuc
904 2671 978 2720 cotim
989 2673 1111 2734 loquamur.

207 2738 304 2791 usundi,
317 2744 341 2782 ut
352 2737 474 2783 administri
485 2738 553 2782 simus
564 2737 657 2782 veritati.
735 2740 763 2783 1⁵
781 2735 831 2782 Pax
851 2738 895 2782 tibi.
929 2738 1030 2784 Solutant
1048 2745 1071 2784 te
1089 2736 1161 2784 smid-

237 2800 476 2862 9Scripsieeelesiae5
493 2800 667 2861 sedquiprima·
701 2799 1017 2848 Selumsmicosnominstiru.
1048 2819 1052 2826 ’

342 3190 498 3253 JUDAE
525 3189 758 3248 APOSTOLI
786 3187 1017 3248 EPISTOLA

550 3287 838 3348 CATHOLICA.

253 3406 346 3455 UDAS
353 3406 407 3455 Jesu
416 3407 498 3456 Christi
507 3424 590 3461 servus,
598 3407 666 3454 frater
729 3411 746 3454 ³
763 3407 853 3463 Dilecti,
864 3425 932 3469 quum
942 3423 1008 3456 omne
1018 3407 1114 3456 studium
1123 3410 1161 3456 sd·

206 3487 217 3523 e
267 3470 611 3525 sutemJucobi,vocetissDeo
621 3471 665 3517 Pa·
698 3473 790 3525 hibesm,
803 3480 827 3518 ut
844 3474 936 3518 scribam
953 3473 981 3518 ad
997 3487 1038 3518 vos
1053 3473 1082 3518 de
1097 3487 1159 3518 com·

206 3535 393 3591 uesmcufreatis,
404 3545 428 3582 et
443 3535 499 3583 Jesu
513 3534 603 3584 Christo
619 3551 666 3581 ser-
698 3535 760 3582 muni
787 3535 864 3590 salute,
891 3551 982 3582 necesse
1008 3535 1073 3582 habui
1099 3535 1160 3582 vobit

207 3599 273 3644 ntis:
698 3599 798 3652 scribere,
810 3600 838 3644 sd
849 3615 890 3646 vos
906 3599 1033 3654 hortandos,
1045 3606 1070 3645 ut
1086 3597 1160 3645 decer·

236 3661 423 3708 uufisericordir
443 3662 512 3716 vobis,
534 3669 556 3708 et
577 3677 627 3723 pax,
644 3668 667 3708 et
698 3663 749 3708 tetis
764 3677 804 3722 pro
820 3662 862 3708 fide
879 3679 935 3724 quse
953 3663 1019 3709 semel
1039 3662 1118 3708 trudito
1128 3675 1160 3708 mr

207 3724 304 3779 meritus,
316 3724 479 3786 multiplicetur.
698 3726 787 3770 mciii·
