2756 4320
535 410 699 467 JOANNES,
721 409 794 460 vul.

170 513 276 577 paulisper
292 531 335 564 ero
351 518 496 566 vobiscum:
515 518 594 566 deindo
610 519 647 565 ab·
710 522 742 566 48
759 517 823 566 Num
833 518 923 580 quises
939 518 1072 582 prirnoribus
1089 535 1131 569 crs

170 579 202 625 dno
212 580 239 625 ad
249 595 303 626 eum
316 582 358 642 qui
370 597 414 628 sne
426 584 496 630 misit.
678 583 733 630 didit
743 584 766 629 in
777 599 835 637 eum,
846 591 884 630 sut
894 598 923 630 ex
935 583 1077 632 I’htrisseis?

199 647 230 687 34
241 643 369 698 Quaeretis
387 661 438 701 me,
455 662 498 694 nec
514 645 645 694 invenietis:
709 651 742 694 49
754 648 798 694 Sed
809 648 872 694 turbu
882 649 1008 709 haenquae
1019 664 1064 696 non
1076 651 1137 696 norit

169 707 235 752 stubi
247 723 292 770 ego
304 725 355 765 ero,
375 707 406 757 ed
426 725 468 756 vos
487 726 533 756 non
549 711 648 773 poteritis
677 710 958 773 legemexsecrabilisest.

169 771 248 818 venire
710 774 816 822 50Dicit
827 775 858 820 eis
871 774 1013 829 Nicodamus,
1026 776 1089 836 isqui
1099 793 1137 824 sc·

198 839 229 881 ³5
253 833 382 884 Dixerunt
407 854 465 899 ergo
487 837 566 885 Judaei
590 837 648 884 inter
677 839 840 885 neratadeum
851 846 923 893 nocte,
935 855 1003 900 quum
1015 849 1136 888 unusessst

170 911 221 951 κᾶε,
239 897 296 953 Qud
310 902 364 962 jam
385 909 424 948 est
440 903 483 948 iste
502 901 646 962 profecturus,
677 917 706 950 ex
717 902 771 948 ildsz

169 969 191 1008 ut
208 978 250 1009 nos
268 978 318 1009 non
336 965 487 1012 inveniamus
502 965 574 1011 eum?
592 980 646 1011 nunt
709 969 738 1013 51
765 965 828 1014 Num
852 965 889 1011 lex
910 975 986 1012 nostra
1006 967 1138 1016 condemnat

170 1027 195 1071 ad
211 1028 308 1088 eosqui
326 1028 429 1091 disper
441 1035 494 1075 sunt
504 1029 562 1074 inter
574 1029 645 1076 Gras-
676 1033 809 1091 quempiam,
821 1030 862 1075 nisi
873 1026 934 1090 priris
944 1030 990 1074 exi
1039 1031 1138 1088 audierit,

171 1103 207 1135 cos
219 1091 370 1151 proiecturus
383 1099 427 1147 est,
447 1099 470 1138 et
482 1093 582 1139 Graecos
592 1093 646 1138 doo-
676 1102 701 1140 et
710 1093 841 1154 cognouerit
853 1093 905 1152 quid
915 1045 1032 1138 saciatim

171 1155 250 1199 tirus?
710 1161 742 1204 52
759 1156 932 1216 Responderunt
951 1163 974 1202 et
992 1157 1095 1204 aiixerrrnt
1110 1158 1138 1212 d.

201 1221 233 1264 ³6
246 1219 310 1273 Quis
321 1227 361 1268 est
374 1231 412 1266 nto
423 1235 497 1266 sermo
508 1235 573 1280 quent
585 1220 646 1274 dixit,
678 1217 742 1268 Num
753 1229 776 1266 et
788 1229 810 1266 tu
824 1219 937 1266 Gsutseus
947 1219 990 1266 es?
1001 1227 1104 1274 scrutare,
1115 1229 1139 1268 et

172 1277 292 1337 Quaerens
319 1299 369 1338 me,
397 1291 421 1330 et
442 1300 488 1330 non
513 1284 644 1330 invenietis:
678 1280 1139 1346 scitoexGulilaetiprophetunnoniuisss

171 1352 194 1390 st
210 1347 246 1390 ubi
257 1363 306 1408 ego
318 1364 370 1402 ero,
387 1363 430 1401 vos
442 1363 487 1394 non
498 1348 597 1410 poteritis
608 1363 647 1393 va·
677 1348 813 1395 suscitatum.

172 1409 239 1455 nire?
710 1414 742 1458 53
758 1411 791 1457 Et
809 1410 921 1472 proiectus
937 1419 972 1458 est
988 1412 1138 1476 unusquique

203 1477 235 1519 37
253 1477 270 1535 1
286 1473 384 1522 Ultimo
396 1483 470 1522 sutem
482 1475 517 1521 die
528 1475 565 1521 iilo
581 1489 646 1536 mag-
677 1475 767 1524 domurn
782 1490 852 1522 suant.

173 1550 203 1581 no
212 1537 264 1583 sesti
278 1540 347 1585 stetit
358 1538 433 1593 Jesus,
450 1545 473 1584 et
488 1539 596 1588 clamavit
612 1539 646 1584 di-

173 1615 233 1655 cens,
255 1603 337 1664 Siquis
356 1603 409 1657 sitit,
426 1601 502 1648 veniat
519 1602 547 1648 ad
562 1617 605 1657 nte,
624 1609 647 1648 et
825 1599 899 1652 CAP.
917 1600 990 1650 v111.

174 1664 238 1710 bibat
727 1665 811 1714 Esus
832 1675 906 1714 autern
928 1668 1040 1728 proiectus
1058 1675 1093 1715 est
1114 1667 1136 1718 ia

206 1731 239 1774 38
258 1729 309 1784 Qui
328 1729 398 1776 credit
417 1729 440 1776 in
458 1745 500 1784 me,
520 1728 576 1776 sicut
593 1729 647 1775 dixit
679 1746 692 1779 s
748 1738 847 1776 montem
859 1730 972 1776 Olearum.

176 1790 302 1853 Scriptura,
328 1793 423 1840 flumina
443 1809 512 1854 aquae
534 1794 597 1840 visae
618 1807 647 1839 ax
710 1794 769 1840 aEt
780 1793 876 1839 diluculo
884 1807 960 1840 rursus
968 1793 1037 1840 adfuit
1047 1794 1070 1839 in
1079 1801 1136 1840 tem·

178 1863 256 1902 ventre
267 1858 342 1918 ipsius
352 1857 430 1904 fluent.
678 1857 732 1918 pio;
749 1865 772 1902 et
787 1865 847 1901 totus
863 1856 957 1916 populus
970 1857 1031 1903 venit
1041 1857 1069 1902 ad
1079 1873 1137 1912 eum,

209 1920 325 1983 ³901oe
336 1929 410 1968 autem
422 1921 478 1966 dixit
488 1921 516 1968 de
527 1921 609 1982 Spiritu
619 1919 647 1966 ii·
678 1929 701 1967 et
712 1921 790 1967 sedens
801 1920 893 1965 docebat
902 1935 948 1966 eos.

178 1981 201 2028 lo
212 1999 282 2044 quem
294 1987 406 2046 accepturi
417 1997 482 2031 erant
496 1986 610 2031 credentes
625 1983 647 2029 in
710 1989 727 2030 5
740 1984 861 2029 Adducunt
871 1991 944 2029 autent
956 1982 984 2030 sd
993 1997 1045 2030 eunt
1056 1984 1138 2030 scribas

179 2062 249 2094 eum:
279 2050 380 2096 nondum
402 2049 463 2094 enim
484 2056 532 2094 erat
554 2049 648 2110 Spiritus
677 2058 701 2095 et
723 2047 834 2095 Pharisaei
856 2047 970 2094 mulierem
990 2048 1012 2094 in
1031 2048 1138 2094 adulterio

181 2110 286 2168 Sanctus,
299 2111 647 2174 qniaJesusnondumerstglo-
678 2113 851 2173 deprehensam:
875 2124 899 2158 et
920 2127 988 2173 quum
1010 2113 1136 2161 statuissent

181 2174 300 2236 riftcatua)
677 2191 725 2222 earn
737 2178 759 2221 in
771 2176 850 2229 medio,

213 2244 248 2286 40
266 2241 336 2287 Multi
351 2235 511 2302 ergoeturbsi,
528 2254 595 2300 quum
608 2254 647 2285 au·
709 2237 861 2294 4Dicuntei,
874 2238 1013 2300 Praeceptor,
1025 2241 1079 2286 haec
1087 2255 1134 2286 mu·

182 2302 270 2350 dissent
296 2305 355 2350 hunc
382 2319 514 2358 sennonem,
541 2303 647 2357 dicebant,
677 2302 1137 2364 lierdeprehansaestinipsotacto,quuns

186 2364 248 2412 Vere
259 2369 297 2413 hic
307 2375 340 2414 est
350 2368 458 2429 propheta
469 2366 511 2412 iile.
678 2367 837 2412 moecharetur.

217 2435 246 2476 41
268 2431 314 2478 Alii
329 2433 435 2485 dicebant,
453 2429 501 2476 Hie
517 2436 551 2476 est
568 2426 647 2477 Chris·
710 2432 726 2476 5
743 2425 771 2474 In
790 2428 841 2489 lege
859 2423 912 2474 verd
932 2426 1011 2474 Moses
1026 2428 1138 2476 mandarit

185 2502 221 2540 tus
242 2495 287 2541 iile.
331 2495 428 2548 Quidam
448 2501 522 2540 autem
541 2493 647 2548 dicebant,
678 2493 741 2540 nobis
760 2499 785 2538 ut
806 2491 861 2538 tales
879 2491 1018 2552 lapidentur:
1040 2501 1065 2538 tu
1083 2508 1138 2555 ergo

187 2556 250 2604 Num
273 2574 330 2605 enirn
353 2575 366 2605 e
389 2555 490 2610 Galilaed
510 2558 585 2604 veniet
611 2557 647 2604 ille
678 2555 815 2618 quiddiciai'

186 2617 309 2668 Christus?
711 2626 727 2668 6
745 2620 799 2667 Hoc
818 2627 891 2667 autern
908 2618 1008 2666 dicebant
1027 2626 1138 2669 tentantes

218 2691 251 2732 42
263 2686 345 2732 Nonne
361 2685 475 2746 Scriptura
490 2685 548 2740 dicit,
565 2699 594 2730 ex
611 2699 646 2730 se·
677 2700 735 2738 eum,
748 2692 928 2746 utpossenteum
936 2699 1046 2732 sccunre.
1071 2684 1138 2734 Jesus

186 2749 246 2797 mine
256 2749 646 2804 DauidisetexricoBe-thlehema,
677 2756 751 2796 autem
778 2749 905 2796 incurvatus
930 2748 1040 2804 deorsum.
1069 2750 1138 2812 digito

187 2814 223 2859 ubi
250 2822 298 2860 erat
324 2813 407 2868 David,
440 2820 558 2860 venturum
584 2811 646 2858 ilium
677 2810 892 2860 sonbebatinterni.

188 2874 320 2925 Christum?
710 2879 725 2924 'i
737 2877 814 2931 Quum
826 2887 899 2923 autern
910 2884 1076 2938 perseuerarent
1086 2893 1137 2925 eunt

219 2945 252 2986 45
272 2941 395 2987 Dissidiunt
413 2955 468 3002 ergo
484 2945 557 2986 ortum
574 2946 607 2985 est
624 2939 646 2983 in
678 2939 821 3002 interrogare,
830 2941 939 2992 erexisse,
949 2941 1034 2986 etdixis
1043 2940 1081 2994 eis,
1091 2941 1137 2994 Qut

187 3002 419 3066 turbdproptereum.
500 3037 504 3043 ,
640 3013 642 3019 “
679 3005 776 3050 restrdrn
788 3003 891 3049 immunis
902 3011 962 3048 esta
977 3009 1074 3062 peccato,
1092 3005 1134 3064 pn'·

218 3073 251 3114 44
267 3067 364 3123 Quidam
381 3075 454 3112 autern
471 3081 500 3113 ex
516 3065 568 3127 ipsis
585 3065 646 3110 vole·
678 3081 728 3112 mus
738 3067 761 3111 in
772 3067 895 3125 eamjaciat
906 3065 1006 3125 lapidem.
1023 3079 1025 3084 ·

187 3131 239 3180 tant
250 3147 301 3178 sum
312 3131 462 3193 prehendere:
482 3130 520 3177 sed
531 3145 597 3176 nernn
612 3129 647 3174 in·
711 3133 726 3174 8
742 3127 775 3174 Et
791 3142 877 3173 rursum
890 3128 1018 3172 incurvatus
1028 3125 1137 3183 deorsum,

187 3196 333 3243 ieritineum
344 3209 431 3241 manus.
678 3192 784 3240 scnitebut
795 3190 817 3236 in
829 3187 893 3235 terni.
978 3225 982 3232 .

218 3261 251 3306 45
262 3257 380 3305 Venerunt
391 3273 446 3318 ergo
456 3257 549 3302 ministri
561 3255 589 3302 ad
603 3255 647 3316 pri·
712 3261 727 3306 9
739 3253 785 3316 ipsi
795 3250 849 3307 perd
857 3269 924 3314 quum
933 3255 989 3299 isnec
997 3252 1138 3312 audivissent,

189 3323 269 3370 marios
279 3322 405 3368 sacerdotes
415 3327 438 3366 et
450 3320 596 3366 Pisarisaeos:
610 3319 648 3378 qui
678 3327 702 3366 et
711 3335 726 3367 a
736 3317 870 3365 conscientia
887 3317 1076 3378 redarguerentur,
1092 3335 1138 3366 sm.

188 3385 291 3434 dxerunt
308 3386 346 3440 eis,
368 3385 444 3438 Quare
463 3399 508 3431 non
527 3383 648 3430 adduxistis
678 3383 772 3446 galatim
783 3381 837 3428 alius
849 3389 898 3442 post
909 3381 974 3426 aliurn
986 3381 1080 3435 exibant,
1095 3384 1136 3429 ini·

189 3448 257 3497 aum?
679 3449 710 3494 tio
720 3447 805 3493 factos
821 3446 940 3491 senioribus
958 3459 1027 3504 nsque
1043 3445 1070 3490 ad
1087 3449 1137 3494 ulti.

220 3516 252 3559 46
268 3510 441 3572 Responderunt
458 3509 559 3563 ministri,
579 3508 646 3554 Nun·
679 3526 743 3557 mose
762 3518 785 3556 et
799 3509 887 3555 relictus
902 3517 936 3554 est
950 3508 1010 3555 solus
1026 3506 1100 3567 Jasus,
1116 3525 1137 3560 et

174 3583 178 3588 “
191 3591 254 3638 qaam
267 3577 298 3622 ita
307 3576 413 3636 loquutus
423 3581 458 3620 est
468 3574 535 3619 homo
546 3580 571 3619 ut
581 3574 648 3618 bomo
680 3574 758 3621 mulier
769 3574 791 3619 in
803 3573 875 3618 medio
886 3583 953 3617 stans.

193 3648 237 3686 ate.
715 3641 744 3683 10
761 3637 837 3690 Quum
849 3642 922 3680 nutent
933 3650 981 3681 sese
991 3633 1058 3685 ¹Jesus
1074 3655 1138 3702 eres.

222 3707 251 3747 47
263 3700 436 3764 Responderunt
450 3715 505 3761 ergo
520 3700 553 3746 eis
569 3697 648 3746 Pharsi-
679 3701 739 3754 isset,
753 3707 776 3746 et
787 3699 896 3746 neminem
907 3699 1042 3760 conspiceret
1054 3713 1138 3764 praeter

192 3781 241 3814 saei.
258 3765 320 3812 Num
331 3771 355 3812 et
365 3779 407 3812 sos
414 3764 498 3872 fflucd
509 3763 582 3810 sstis⁹
680 3765 801 3816 mulierem.
818 3762 873 3808 dixit
889 3763 916 3816 ei,
934 3761 1023 3818 Mulier.
1041 3767 1076 3816 uhi
1087 3776 1136 3816 ausu
