2734 4314
589 391 706 448 Luca
729 390 775 437 vl.
991 443 994 471 Ι
1067 439 1070 445 4

202 495 316 542 miletuna
341 509 363 540 m
386 493 497 548 muttum,
518 500 542 540 et
562 492 663 555 perfosso
693 491 759 552 cipuli
770 489 974 554 Joaunisjepunant
986 489 1068 551 crebrd,
1081 501 1104 538 ct
1120 499 1149 538 ds

197 567 291 606 teauceo
313 559 446 619 pavimento,
464 557 595 603 dimiserunt
610 571 662 603 eum
694 555 830 616 precationes
840 554 931 609 faciunt,
944 555 1042 601 similiter
1052 562 1075 602 et
1087 557 1154 618 *uiua

197 639 246 668 cum
274 621 355 668 lectulo
376 622 400 667 iu
421 621 525 675 medium,
548 629 599 667 ante
621 619 662 668 Je·
692 620 744 677 puli
757 618 925 664 Pharisaeorum
932 636 940 675 ;
957 620 988 664 tui
1000 617 1053 666 vcrd
1064 619 1158 666 eduutct

197 701 259 733 ruma
694 682 787 729 bibunt?

228 753 260 796 20
287 748 339 803 Qui,
361 747 503 800 noseorum
527 746 579 802 visi,
602 748 663 800 dixit,
726 750 757 790 54
777 744 829 806 lpse
839 757 913 792 autem
924 745 980 791 dixit
990 745 1028 799 eit,
1041 745 1103 792 Num
1121 762 1161 808 po·

198 813 264 860 Heus
285 821 316 866 tu,
340 813 430 858 remissa
451 821 504 858 sunt
520 813 557 858 tibi
574 821 664 873 peccata
695 809 757 854 testis
769 809 841 855 facere
852 819 877 855 ut
888 808 925 854 lilii
937 809 1033 863 thalami,
1044 825 1090 871 quo
1106 819 1161 856 tem·

198 889 241 925 tua.
692 889 748 932 pore
759 889 809 919 cum
821 873 873 934 ipsis
884 880 918 919 est
929 888 1029 934 sponsus,
1036 873 1156 936 jejunent?

229 945 257 986 21
287 939 354 987 Tunc
391 947 512 1002 coeperunt
540 939 663 985 ratiocinari
726 941 758 983 ³5
778 937 875 982 Venient
885 945 959 984 autem
970 930 1023 992 dies,
1034 953 1102 998 quum
1119 937 1162 984 tol*

197 1007 280 1053 scribae
301 1011 324 1051 et
347 1003 466 1058 Pharisaei,
483 1004 588 1058 dicentes,
607 1003 664 1056 Quis
694 1000 833 1047 leturabeis
849 1015 949 1063 sponsus,
967 1008 1020 1047 tunc
1031 1002 1161 1064 jejunabunt

198 1076 232 1116 eat
258 1069 300 1115 iste
326 1068 363 1130 qui
386 1067 482 1128 loquitur
503 1066 664 1128 blasphemias?
696 1064 832 1110 illisdiebus.

200 1133 243 1188 aur
257 1141 330 1194 potest
341 1133 454 1178 remittere
464 1141 555 1194 peccata
569 1131 610 1176 nisi
627 1145 663 1177 so·
728 1133 760 1174 36
779 1128 873 1176 Dicebat
884 1128 1001 1188 autemueis
1015 1128 1081 1174 etiam
1097 1143 1160 1190 para·

198 1205 232 1242 tus
245 1196 326 1242 Deus?
696 1192 775 1246 bolam,
792 1192 868 1238 Nemo
884 1193 1025 1254 panniculum
1041 1193 1095 1238 novi
1111 1208 1161 1238 ves·

231 1265 261 1304 2²2
278 1260 345 1307 Jesus
358 1267 432 1305 autem
449 1274 516 1319 quum
534 1257 610 1304 ndsset
625 1274 664 1304 eo·
697 1257 782 1302 timenti
798 1257 853 1302 indit
869 1257 892 1302 in
909 1257 1064 1303 vestimentum
1082 1264 1160 1303 vetuti

199 1341 246 1371 runi
259 1323 441 1376 ratiocinationes,
454 1323 596 1383 respondens,
610 1322 666 1367 dixit
696 1321 777 1381 alioqui
789 1329 811 1366 et
823 1320 876 1366 illud
886 1335 970 1366 novum
982 1319 1045 1366 findit
1055 1328 1123 1374 uetur,
1140 1329 1161 1368 ct

199 1405 236 1436 ua.
260 1388 321 1440 Quid
344 1387 502 1433 ratiocinamini
524 1387 547 1430 iu
564 1386 665 1432 cordibus
698 1385 765 1430 veteri
779 1399 823 1430 non
835 1385 940 1430 convenit
948 1384 1162 1446 panniculusaump-

199 1453 292 1497 vestris?
696 1457 734 1494 tus
744 1463 773 1494 ex
784 1464 852 1494 novo.

233 1520 263 1560 2’5
284 1515 364 1560 Utrum
376 1522 410 1559 est
418 1512 510 1568 facilius
528 1513 606 1568 dicere,
617 1513 664 1560 Re·
729 1516 760 1559 57
773 1512 805 1558 Et
813 1528 879 1559 nemo
887 1512 956 1574 injicit
964 1512 1040 1558 vinum
1049 1527 1131 1558 novum
1141 1513 1163 1558 ia

199 1581 265 1625 missa
281 1587 333 1624 sunt
355 1578 392 1623 tibi
409 1577 515 1638 peccata?
531 1585 569 1624 aut
585 1578 664 1632 dicere,
697 1585 757 1623 utres
778 1584 877 1622 veteres:
896 1577 978 1636 alioqui
994 1577 1114 1636 disrumpet
1130 1577 1164 1622 vi-

200 1645 273 1705 Surge
283 1651 306 1688 et
316 1641 419 1688 ambula?
697 1656 750 1686 num
763 1657 845 1686 novum
858 1648 924 1694 utres,
938 1646 961 1687 et
977 1640 1048 1702 ipsum
1065 1639 1164 1686 efflrude·

233 1711 265 1752 24
283 1706 317 1752 Ut
327 1713 400 1752 autem
412 1705 486 1751 sciatis
499 1703 581 1751 Filium
592 1706 664 1750 homi·
698 1713 740 1756 tur,
751 1713 774 1751 et
785 1715 845 1750 utres
856 1705 964 1765 peribunt.

201 1772 235 1817 nis
246 1777 377 1832 potestatem
388 1770 468 1816 habere
478 1770 501 1814 iu
514 1768 572 1815 terri
589 1771 664 1815 remit·
729 1773 761 1814 58
779 1769 823 1815 Sed
835 1769 910 1814 vinum
923 1783 1006 1814 novum
1017 1769 1041 1815 in
1053 1775 1113 1814 utres
1129 1785 1164 1814 rc-

201 1836 260 1882 teudi
281 1841 377 1896 peccata,
401 1835 443 1896 (ait
464 1831 597 1895 paralytico)
615 1833 665 1879 Tibi
697 1841 772 1878 centes
799 1833 940 1893 injiciendum
967 1842 1007 1887 est,
1030 1840 1053 1878 et
1074 1840 1165 1893 utraque

199 1901 256 1954 dico,
266 1899 345 1961 Surge,
353 1899 466 1944 etsublato
474 1903 499 1944 in
508 1900 612 1944 humeros
621 1897 665 1944 lec·
697 1904 863 1943 conservantur.
1159 1946 1162 1950 ,

202 1964 248 2010 tulo
259 1971 305 2018 tuo,
317 1964 349 2009 abi
361 1963 452 2008 domum
463 1970 532 2008 tuam.
729 1965 761 2008 59
779 1961 811 2005 Et
822 1976 888 2006 nemo
900 1960 937 2022 qui
948 1960 1025 2006 biberit
1036 1967 1102 2006 vetus
1118 1968 1164 2006 sta-

232 2031 264 2074 25
275 2029 301 2074 Ia
309 2035 381 2074 autem
391 2027 449 2072 illico
458 2041 526 2086 quum
536 2025 667 2072 surrexisset
698 2025 738 2070 tim
757 2023 806 2070 vult
823 2039 921 2082 uovum3
938 2025 991 2070 dicit
1007 2025 1074 2080 enim,
1092 2023 1165 2070 Vetus

137 2105 145 2115 ‘
200 2091 223 2138 ln
234 2105 311 2138 eorum
322 2098 448 2150 conspectu,
461 2090 546 2135 sublato
554 2091 578 2135 in
587 2091 666 2135 hume·
698 2089 773 2134 utilius
784 2097 824 2134 est.

199 2167 236 2201 ras
247 2171 272 2201 eo
288 2155 311 2200 in
327 2169 371 2214 quo
383 2156 490 2216 Jacuerat,
507 2154 559 2199 abiit
575 2153 666 2200 domum

200 2217 408 2280 suamgloriflcaus
423 2217 506 2262 Deum.
861 2216 936 2265 CAP.
960 2216 1004 2264 v1.

233 2287 264 2329 26
282 2283 313 2328 Et
322 2292 399 2343 stupor
405 2282 463 2342 cepit
472 2297 556 2336 omnes,
566 2289 589 2328 et
596 2281 667 2343 glori·
756 2279 882 2328 ACTUM
893 2289 928 2328 est
939 2279 992 2328 verd
1001 2289 1026 2328 ut
1035 2283 1124 2328 sabbato
1132 2282 1165 2328 al·

200 2345 293 2394 licebant
316 2345 405 2392 Deum:
432 2352 454 2391 et
477 2347 553 2406 repleti
571 2354 622 2392 sunt
639 2347 666 2391 ti-
772 2354 820 2391 tero
831 2347 902 2406 primo
911 2347 1053 2406 pertransiret
1061 2362 1100 2406 per
1108 2354 1165 2393 sata:

201 2427 268 2464 more,
281 2411 384 2462 dicentes,
398 2405 466 2457 Certe
483 2411 578 2457 vidimus
595 2411 667 2472 inopi·
699 2408 809 2456 vellebant
819 2418 893 2456 autem
909 2409 1007 2470 discipuli
1025 2411 1101 2471 spicas,
1113 2411 1165 2458 edc-

201 2481 254 2522 uaia
262 2475 333 2520 hodie.
699 2474 801 2533 hautque,
813 2474 960 2519 confricantes
971 2476 1079 2519 manibus.

150 2555 153 2571 ¹
233 2543 263 2586 27
280 2538 362 2599 ffPost
373 2539 426 2583 haec
438 2533 492 2600 verri
502 2539 562 2591 exiit,
574 2544 596 2584 et
612 2553 666 2584 con·
732 2541 747 2582 2
770 2537 868 2592 Quidam
895 2545 968 2583 autem
997 2537 1166 2584 Pharisaeorum

201 2603 272 2663 spexit
286 2601 424 2663 publicanum
443 2602 532 2647 nomine
549 2601 613 2655 Levi,
631 2617 666 2647 se·
699 2600 802 2648 dixerunt
813 2603 851 2656 eis,
865 2599 913 2648 Cur
923 2600 994 2648 facitis
1011 2603 1070 2662 quod
1082 2618 1127 2648 non
1136 2603 1166 2658 li-

201 2667 289 2712 dentem
300 2666 328 2711 ad
339 2665 451 2719 telonium,
469 2673 492 2710 et
506 2665 561 2710 dixit
578 2666 605 2720 ei,
625 2666 666 2712 Se·
698 2671 734 2710 cet
744 2664 817 2711 lacere
828 2665 938 2712 sabbatis?

201 2745 267 2790 quere
278 2745 321 2774 me.
730 2733 747 2774 3
762 2729 829 2774 Tunc
837 2731 972 2790 respondens
980 2729 1054 2784 Jesus,
1063 2730 1118 2775 dixit
1127 2732 1165 2784 eis,

233 2797 264 2837 28
276 2791 666 2846 Etz'lie,relictisomnihussurrexit,
700 2791 737 2839 Ne
757 2793 800 2839 hoc
821 2790 910 2854 quidem
933 2794 1017 2854 legistis
1038 2795 1097 2853 quod
1114 2795 1165 2840 iecit

200 2865 223 2903 et
235 2864 340 2917 sequutus
351 2863 385 2901 est
395 2871 454 2902 eum.
700 2855 784 2911 David,-
794 2872 862 2918 quum
874 2858 966 2904 esuriret
977 2859 1023 2919 ipse
1034 2858 1101 2918 etqui
1112 2873 1164 2904 cuin

233 2925 265 2968 29
282 2920 314 2966 Et
324 2919 377 2966 fecit
388 2920 407 2964 ei
421 2920 476 2966 Levi
494 2919 583 2980 epulum
601 2935 664 2981 mag-
698 2935 725 2966 eo
737 2927 816 2977 erant;

202 3000 254 3030 num
266 2983 325 3030 domi
337 2999 402 3030 suae:
421 2993 512 3044 eratque
523 2985 587 3029 turba
598 2985 667 3030 multa
731 2987 747 3029 4
764 2984 886 3038 Quomodo
894 2985 1002 3031 introierit
1011 2985 1101 3032 domum
1112 2985 1164 3040 Dei,

201 3049 372 3110 publicanorum,
385 3057 406 3094 et
418 3049 510 3095 afiorum
521 3048 558 3109 qui
571 3063 621 3095 cum
633 3049 666 3110 ip-
699 3055 722 3094 et
732 3063 800 3110 panea
810 3050 960 3111 proposititios
977 3051 1100 3110 sumpserit,
1112 3051 1164 3096 ede·

200 3112 230 3160 aia
241 3113 403 3162 accumbebant.
571 3161 574 3170 ,
700 3112 777 3172 ritque,
786 3129 811 3158 ac
822 3113 906 3159 dederit
922 3115 988 3160 etiam
1003 3114 1030 3160 iis
1040 3115 1077 3173 qui
1089 3129 1164 3160 secum

232 3181 265 3224 50
296 3177 497 3225 Obmurmurabant
529 3183 602 3222 autem
636 3176 668 3222 eis
700 3185 781 3232 erant3
799 3178 876 3237 quibus
882 3179 982 3236 panibus
991 3179 1094 3224 nonlicet
1105 3178 1164 3224 vesci

201 3242 283 3288 scribae
294 3256 319 3286 ac
330 3240 448 3292 Pharisaei,
458 3241 555 3289 dicentes
564 3241 591 3288 ad
600 3241 665 3286 disci·
700 3240 741 3286 nisi
753 3240 805 3286 solis
816 3242 979 3297 sacerdotibus;

201 3305 264 3366 pulos
275 3305 328 3366 ejus,
347 3305 423 3356 (inan¹
440 3319 490 3348 eum
507 3304 627 3363 publicanis
644 3311 667 3350 et
732 3307 747 3351 5
764 3305 797 3350 Et
818 3305 902 3350 dicebat
921 3308 958 3357 eis,
980 3303 1049 3351 Filius
1069 3305 1165 3352 hominis

115 3385 119 3390 ·
201 3367 349 3431 peccatoribus
360 3368 423 3413 editis
434 3374 457 3412 et
467 3367 558 3418 bibitis?
699 3367 802 3417 dominus
812 3375 846 3413 est
856 3369 922 3414 etiam
934 3369 1022 3414 sabbati.

232 3435 261 3478 al
280 3431 314 3480 Et
324 3433 458 3496 respondens
474 3429 540 3478 Jesua
556 3431 611 3481 dixit
627 3432 666 3485 eis,
732 3435 747 3477 6
763 3431 885 3491 {Factum
907 3439 942 3478 est
963 3429 1018 3478 verd
1036 3433 1102 3479 etiam
1121 3436 1164 3480 alto

204 3493 257 3541 Nou
268 3511 325 3558 opus
335 3505 369 3541 est
380 3497 412 3549 iis,
424 3497 460 3554 qni
473 3496 519 3540 sani
528 3504 586 3548 sunt,
596 3496 665 3541 medi·
699 3495 794 3549 sabbato,
806 3504 830 3540 ut
846 3495 893 3555 ipse
908 3495 1061 3558 ingrederetur
1075 3498 1098 3542 in
1111 3511 1164 3558 syn·

202 3575 234 3606 ro.
247 3559 323 3605 sediis
334 3560 370 3618 qui
382 3556 439 3605 niale
450 3575 473 3604 se
484 3559 570 3604 habent.
698 3573 801 3620 agogam,
814 3559 946 3606 acdoceret.
980 3559 1037 3607 Erat
1048 3567 1123 3607 autem
1136 3562 1163 3608 ibi

233 3625 265 3668 32
282 3621 336 3668 Nou
348 3623 398 3667 veni
415 3630 517 3668 vocatum
529 3623 609 3684 justos,
627 3623 666 3669 aed
697 3622 793 3682 quidarn,
810 3623 872 3683 cujus
888 3639 968 3673 manua
986 3624 1062 3677 dextra
1079 3633 1126 3674 erat
1139 3640 1162 3672 a·

203 3689 327 3746 peccatores
337 3685 365 3730 ad
376 3686 554 3746 resipiscentiam.
698 3686 751 3732 rida.

233 3753 266 3794 33
283 3746 328 3811 ipsi
335 3745 388 3793 veni
394 3750 495 3854 dixpp‘unt
501 3749 528 3804 ei,
535 3748 612 3802 Quare
620 3749 665 3795 dis·
731 3753 744 3795 7
764 3748 914 3795 oum-varan·
926 3758 999 3797 autem
1010 3766 1061 3797 etun
1073 3752 1162 3802 sn‘tna
