2756 4320
624 423 740 480 Lucu,
764 423 834 476 xlv.

244 533 326 580 cruerit
340 541 428 592 tenryma
443 548 511 592 quum
528 532 611 584 dicatis,
630 530 704 576 Bene·
736 530 885 576 bueturenim
897 531 934 577 tibi
946 531 968 577 in
979 533 1142 582 resurrectione
1152 549 1194 596 pus

244 596 311 642 batus
321 597 357 656 qui
370 597 464 642 venitin
476 593 568 642 nornine
578 595 679 641 Domini.
738 600 818 639 torum.

772 661 800 704 15
819 657 884 703 Haec
892 665 1040 718 autemnuum
1048 659 1144 706 audisset
1154 676 1192 722 qur

385 721 460 770 CAP.
483 721 554 768 XIV.
737 721 787 766 dam
805 737 833 768 ex
852 723 878 767 iis
897 723 933 782 qui
953 724 1019 768 simul
1033 725 1205 774 discumbebant

266 786 412 833 *Tinctum
424 795 465 842 est,
483 795 507 833 ut
523 802 591 848 quum
608 785 706 832 venisset
737 785 792 830 dixit
814 786 841 838 ei,
864 785 948 833 Beatus
967 788 1003 848 qui
1022 788 1068 834 odit
1084 804 1164 849 panem
1181 791 1204 837 ir

313 851 403 897 domum
411 852 524 912 cujusdam
535 866 564 897 ex
574 850 706 911 primoribus
738 864 808 910 regno
821 849 874 895 Dei.

242 914 366 961 iliarisaeis
382 917 470 962 subbato
485 916 513 961 ad
528 915 657 976 cupiendum
672 914 705 959 ci·
773 917 801 959 16
819 911 871 974 lpse
882 921 955 960 autem
963 915 1017 960 dixit
1028 915 1055 969 ei,
1066 915 1145 962 Homo
1153 933 1203 977 qiu·

241 987 298 1032 turm,
310 979 351 1039 ipsi
362 981 505 1026 observarent
515 994 573 1025 eum.
738 976 791 1024 darn
800 977 852 1023 fecit
868 991 960 1024 coenam
973 994 1085 1040 magnam,
1097 990 1120 1027 et
1136 997 1204 1029 voca·

273 1047 288 1088 2
305 1042 337 1088 Et
348 1059 406 1098 ecce,
418 1045 506 1104 quidam
518 1042 651 1104 hydropicus
666 1042 705 1087 ad-
739 1041 771 1086 vit
782 1041 880 1088 multost

240 1114 372 1154 arstcoram
383 1123 418 1154 eo.
773 1107 802 1151 17
825 1105 934 1165 Misitque
952 1121 1041 1152 servum
1063 1123 1128 1153 suum
1150 1107 1205 1157 hori

272 1170 365 1218 5Tum
378 1170 590 1232 resporziensJesus
603 1169 658 1215 dixit
673 1169 706 1214 le·
738 1183 827 1223 coenae,
849 1176 875 1215 ut
895 1169 978 1216 diceret
1001 1171 1091 1225 vocatis,
1114 1171 1205 1230 Venite,

240 1235 276 1296 gis
286 1236 440 1296 interpretibus
450 1242 473 1280 et
486 1235 609 1281 Pharisaeis
619 1234 642 1280 in
653 1233 707 1279 haec
738 1233 790 1292 quia
798 1234 846 1294 jam
856 1240 933 1295 parata
942 1240 995 1280 sunt
1005 1235 1086 1282 omnia

240 1301 312 1352 verba,
326 1298 418 1345 Licetne
429 1314 506 1344 curare
517 1297 621 1344 sabbato?
774 1299 802 1342 18
820 1296 853 1342 Et
863 1312 940 1344 omnes
951 1307 1071 1360 coeperunt
1082 1313 1127 1345 uno
1136 1317 1173 1346 ora
1181 1315 1205 1347 se

272 1361 350 1423 41psi
363 1360 415 1408 verd
430 1369 551 1408 tacuerunt.
584 1360 645 1407 Tum
662 1360 708 1421 ipse
738 1375 850 1407 excusare.
890 1361 979 1408 Primus
997 1362 1052 1408 dixit
1068 1363 1095 1416 ei,
1114 1364 1205 1424 Agrum

241 1427 373 1487 prehensum
385 1441 435 1472 eum
448 1426 538 1480 sanavit,
550 1432 573 1471 et
586 1425 673 1470 dimisit.
737 1425 788 1478 emi,
800 1431 823 1470 et
839 1440 930 1471 necesse
946 1426 1014 1472 babeo
1030 1427 1097 1477 exire,
1114 1436 1205 1480 etcum

273 1494 288 1537 5
306 1489 338 1535 Et
356 1489 491 1549 respondens
509 1489 547 1542 eis,
567 1489 628 1542 dixit,
649 1487 707 1542 Quis
737 1488 860 1549 inspicere;
877 1504 933 1550 rogo
949 1497 978 1544 te,
990 1490 1044 1536 habe
1060 1505 1096 1536 me
1110 1507 1205 1538 excusa-

241 1555 345 1606 vestrdm,
354 1554 376 1599 si
382 1555 454 1613 s'psius
462 1553 536 1598 asinus
544 1559 582 1598 aut
589 1552 658 1598 bosin
664 1568 706 1613 pu·
739 1561 793 1598 tum.

241 1625 300 1662 teum
312 1617 399 1670 incidat,
411 1632 456 1662 nou
465 1617 538 1662 statim
547 1616 648 1663 extrahet
654 1631 705 1662 eum
773 1619 802 1663 19
819 1615 851 1662 Et
862 1617 917 1663 aiter
928 1617 988 1670 dixit,
1000 1617 1143 1678 Jugaboum
1161 1621 1204 1665 emi

240 1681 275 1727 die
288 1680 386 1727 sabbati?
738 1679 841 1740 quinque,
853 1687 876 1726 et
886 1679 1012 1741 proficiscor
1023 1682 1051 1727 ad
1066 1683 1204 1743 probandum

273 1750 288 1791 6
305 1744 337 1791 Et
348 1760 393 1791 non
401 1751 503 1807 poterant
512 1745 531 1790 ei
540 1759 569 1790 ex
578 1745 670 1790 adverso
679 1744 707 1790 ad
738 1755 781 1800 ea;
799 1759 854 1804 rogo
865 1751 894 1797 te,
906 1745 961 1790 habe
971 1761 1008 1791 me
1018 1753 1154 1793 excusatum.

240 1809 282 1854 ista
293 1810 432 1870 respondere.
771 1811 803 1853 20
819 1807 852 1853 tt
869 1808 924 1855 alius
942 1809 1003 1864 dixit,
1023 1809 1124 1856 Uxorem
1142 1811 1205 1866 duxi,

273 1876 287 1921 7
305 1873 371 1920 Dixit
389 1881 463 1919 autem
482 1873 606 1934 parabolam
624 1872 650 1918 iis
669 1872 705 1931 qui
738 1878 888 1935 etpropterea
899 1887 944 1918 non
954 1888 1045 1934 possum
1056 1874 1139 1920 venire.

240 1937 312 1984 vocati
339 1937 432 1991 fueraut,
459 1938 574 1984 attendens
595 1937 707 1996 quomodo
771 1940 799 1980 21
820 1935 897 1990 Quum
913 1937 981 1996 igitur
992 1951 1069 1982 servus
1085 1937 1121 1984 ille
1134 1939 1203 1985 adre-

241 2003 322 2062 primos
333 2002 444 2047 accubitus
455 2002 568 2062 eligerent,
578 2001 653 2046 dicens
659 2001 704 2046 eisc
739 1998 813 2053 nisset,
831 2001 974 2046 annunciavit
990 2001 1033 2046 ista
1048 2001 1138 2048 domino
1155 2018 1203 2050 suo.

273 2069 287 2110 8
305 2065 383 2118 Quum
401 2071 493 2110 vocatus
511 2064 578 2110 fueris
594 2065 621 2110 ab
634 2064 707 2123 aliquo
738 2061 804 2108 Tunc
815 2063 884 2109 iratus
897 2063 1050 2124 paterfamilias
1066 2065 1122 2110 dixit
1138 2082 1203 2112 servo

241 2129 267 2174 nd
279 2130 371 2189 nuptias,
383 2143 411 2173 ne
423 2127 545 2173 accumbito
556 2127 627 2189 primo
642 2127 706 2184 loco;
739 2141 786 2180 suo,
799 2127 844 2174 Exi
852 2123 897 2173 citri
908 2127 930 2174 in
946 2127 1035 2190 plateas,
1047 2135 1070 2174 et
1087 2130 1147 2176 vicos
1165 2147 1201 2177 ur·

240 2208 268 2237 ne
279 2191 336 2238 sorte
347 2191 474 2238 honoratior
490 2197 513 2238 tc
528 2193 556 2238 sit
573 2198 664 2238 vocatus
681 2193 708 2238 ab
738 2191 770 2236 bis
777 2207 785 2247 ;
796 2197 819 2237 et
827 2191 946 2246 mendicos,
958 2207 984 2238 ac
992 2208 1089 2246 mancos,
1101 2193 1202 2240 claudus·

241 2271 279 2302 eo:
623 2301 626 2306 ,
738 2270 787 2316 que,
799 2263 822 2301 et
832 2271 910 2302 caecos
920 2257 963 2302 huc
973 2257 1113 2303 introducito.

273 2319 337 2368 9Et
348 2320 367 2366 is
378 2319 482 2381 quiteet
493 2321 555 2366 ilium
567 2320 655 2366 vocavit
666 2335 705 2366 ve-
770 2323 801 2365 22
819 2319 851 2366 Et
869 2319 900 2366 ait
920 2335 1004 2374 seruus,
1027 2319 1133 2375 Domine,
1155 2321 1202 2368 sac-

242 2385 304 2430 niens
321 2385 386 2430 dicat
396 2385 440 2438 tibi,
457 2384 498 2431 Da
511 2385 561 2430 huic
575 2384 666 2438 locum;
683 2392 706 2430 et
737 2389 784 2428 tum
796 2392 829 2430 est
841 2391 865 2429 ut
882 2381 998 2445 imperisti,
1015 2392 1039 2430 et
1054 2385 1124 2431 adhuc
1141 2385 1202 2432 locus

241 2459 293 2494 tunc
305 2447 395 2511 incipias
405 2465 457 2496 cum
467 2449 551 2510 pudore
560 2448 661 2494 ultimum
670 2447 704 2494 lo·
736 2453 777 2493 est.

241 2529 291 2558 cum
304 2514 408 2558 obtinere.
770 2515 801 2557 25
818 2511 883 2558 Tunc
894 2511 924 2558 ait
934 2511 1036 2558 dominus
1043 2527 1114 2566 servo,
1129 2513 1201 2560 Abiin

275 2580 305 2622 10
322 2577 366 2622 Sed
377 2591 445 2637 quum
457 2583 549 2622 vocatus
564 2575 637 2629 fueris,
649 2575 706 2621 vade
740 2575 786 2621 vias
797 2583 819 2621 et
830 2591 900 2636 sepes,
912 2584 935 2623 et
945 2591 1002 2638 coge
1013 2577 1106 2638 ingredi,
1119 2585 1143 2623 ut
1159 2579 1202 2623 inr-

240 2641 372 2685 discubitum
394 2639 416 2685 in
439 2640 541 2685 ultimum
562 2639 652 2695 locum3
680 2646 706 2685 ut
738 2639 823 2700 pleatur
833 2639 912 2686 domus
923 2655 979 2686 mea.

240 2718 308 2764 quurn
319 2703 405 2749 venerit
415 2703 452 2763 qui
464 2709 486 2748 te
501 2703 595 2756 vocavit,
606 2703 666 2748 dicat
677 2704 705 2748 ti·
769 2707 801 2748 24
813 2702 873 2750 Dico
880 2705 939 2750 enim
946 2705 1014 2758 vobis,
1023 2705 1201 2752 neminemxiro-

240 2767 266 2818 br,
279 2765 365 2820 Amice,
374 2766 468 2812 ascende
475 2762 588 2826 superbis:
602 2773 655 2812 tunc
664 2768 706 2813 erit
737 2782 786 2812 rum
798 2767 892 2822 illorum,
904 2768 941 2829 qui
952 2769 1025 2814 vocati
1036 2768 1129 2823 fuerant,
1146 2785 1201 2831 gus-

239 2830 276 2876 tibi
287 2829 359 2890 gloria
369 2830 392 2875 in
403 2839 523 2890 conspectu
534 2845 611 2876 eorum
622 2830 659 2890 qui
671 2838 704 2876 te-
736 2839 833 2876 tatumm
845 2847 936 2878 coenam
948 2848 1027 2878 meum.

239 2909 290 2940 cum
301 2893 444 2940 discumbent
769 2898 800 2942 25
817 2895 892 2956 libat
902 2903 975 2943 sutem
987 2898 1050 2942 turba
1065 2895 1135 2944 multa
1149 2912 1202 2943 curn

274 2961 299 3002 11
320 2956 380 3004 Nam
391 2957 490 3018 quisquis
501 2972 525 3002 se
535 2957 622 3004 extollit
633 2957 704 3018 depri-
737 2974 776 3004 eo:
796 2965 819 3005 et
829 2975 949 3006 conversus
961 2960 1015 3006 dixit
1026 2961 1064 3006 eis.

239 3029 326 3080 rnetur;
342 3023 412 3084 etqui
424 3037 448 3068 se
464 3021 595 3084 depresserit
611 3022 705 3068 extollo-
769 3027 800 3069 26
818 3023 891 3084 Siquis
901 3025 963 3070 venit
973 3025 1000 3070 ad
1011 3039 1053 3079 me,
1065 3032 1088 3070 et
1099 3039 1144 3070 non
1155 3025 1202 3071 odit

240 3093 282 3133 tur.
735 3094 820 3148 patrem
831 3103 901 3141 suum,
913 3095 936 3133 et
947 3094 1046 3141 matrem,
1063 3095 1086 3134 et
1102 3103 1202 3137 uxorem.

273 3155 303 3196 12
319 3150 415 3197 Dicebat
430 3158 503 3197 autern
520 3151 586 3197 etiarn
601 3149 620 3196 ei
638 3165 705 3210 aquo
735 3158 758 3196 et
768 3151 854 3204 liberos,
866 3158 889 3196 et
910 3151 993 3206 iratres,
1003 3159 1025 3197 et
1034 3167 1127 3206 sorores,
1136 3160 1202 3212 atque

239 3213 310 3265 iuerat
331 3218 377 3276 ipse
401 3224 499 3269 vocatus,
523 3215 600 3268 Quum
627 3212 706 3260 feceris
735 3212 790 3260 aded
801 3229 863 3260 suam
875 3215 942 3276 ipsius
953 3217 1055 3269 animam,
1067 3231 1111 3261 non
1129 3223 1201 3278 potest

239 3280 353 3340 prandium
365 3287 403 3325 aut
414 3294 513 3332 coenam,
521 3293 549 3324 ne
559 3285 637 3324 vocato
648 3278 704 3324 ami-
735 3293 798 3324 meus
808 3295 857 3324 esse
868 3279 993 3340 discipulus.

239 3359 277 3389 cos
295 3351 351 3397 tuos,
371 3359 442 3403 neque
461 3343 540 3388 fratres
559 3349 615 3394 tuos,
633 3356 705 3401 neque
768 3346 798 3389 27
816 3343 848 3388 Et
859 3343 956 3403 quisquis
967 3359 1012 3389 non
1023 3351 1096 3404 portat
1112 3359 1199 3390 crucem

238 3416 347 3468 cognatos
358 3413 415 3460 tuos,
427 3422 498 3467 neque
512 3406 597 3452 vicinos
608 3405 703 3462 divites3
735 3421 803 3459 sumn,
815 3415 838 3451 et
849 3408 947 3466 sequitur
954 3423 996 3461 me,
1006 3423 1050 3452 non
1059 3414 1131 3468 potest
1139 3423 1201 3454 meur

239 3471 355 3530 nequando
372 3478 395 3516 et
410 3471 451 3531 ipsi
467 3477 489 3516 te
506 3469 601 3515 vicissim
616 3477 703 3523 vocent,
735 3485 784 3515 esse
795 3471 920 3531 discipulus.

239 3533 312 3581 scfiat
323 3535 361 3580 tibi
373 3535 492 3581 retributio.
768 3538 798 3578 28
822 3534 879 3587 Quis
900 3535 959 3580 enim
981 3550 1010 3580 ex
1026 3535 1094 3587 vobis,
1112 3535 1130 3581 si
1147 3535 1201 3582 velit

273 3600 303 3642 15
320 3598 365 3644 Sed
382 3614 450 3658 quum
469 3599 522 3644 lacis
538 3596 634 3658 epulum,
649 3612 704 3643 voca
735 3598 813 3644 turrim
835 3597 955 3653 aedificare,
977 3614 1023 3645 non
1042 3594 1102 3659 prids
1125 3601 1186 3646 consi

244 3661 359 3714 rrendioos,
372 3676 468 3716 mancos,
480 3662 576 3715 claudos,
588 3676 681 3706 caecos:
735 3662 790 3707 dens
811 3669 924 3722 computat
941 3670 1060 3723 sumptum,
1077 3677 1106 3708 an
1123 3663 1200 3710 habeat

275 3727 300 3770 ι4
319 3723 352 3770 Et
364 3724 440 3769 beatus
457 3727 506 3779 eris,
523 3725 575 3784 quia
591 3739 635 3770 non
651 3740 702 3784 pos·
735 3740 790 3785 quae
801 3726 828 3771 ad
839 3725 887 3786 qius
903 3726 1058 3786 perfectionem
1076 3728 1201 3786 requiren-

243 3797 290 3834 arnt
307 3787 407 3846 gratim
427 3789 545 3890 retrilppfiere
565 3788 619 3840 tihi;
640 3788 702 3833 retri·
735 3788 816 3854 tur’x
