2720 4312
544 409 649 460 PAULI
667 409 835 460 EPlSTOLA

240 530 272 574 2⁴
289 525 321 574 llr
330 527 407 588 gratiis
415 525 470 574 actis
478 524 670 587 fregisffiacdix·
733 526 749 571 ὅ
767 523 798 570 Ει
822 525 973 570 distinctiones
991 525 1160 575 ministeriosus

209 596 257 646 isse,
274 590 382 651 Accipite,
399 591 472 639 edite:
497 591 539 635 hoc
551 605 624 635 meum
636 597 671 634 est
702 597 760 641 sunt,
773 589 880 634 sedidem
893 588 1021 635 Dominus:

209 670 287 715 corpur
298 654 357 714 quod
368 670 408 714 pro
422 654 484 699 vobis
493 651 615 714 fran'grtur:
627 653 670 698 boc
741 657 757 698 6
781 653 813 698 Et
834 653 986 698 distinctiones
1012 653 1164 714 operationum

208 718 272 765 facite
283 719 310 764 ad
321 719 364 763 mei
375 719 615 763 commemorationem.
702 723 767 771 sunt;
785 717 822 762 sed
840 717 897 762 idem
909 726 941 763 est
956 717 1019 763 Deus
1031 717 1129 764 efficiens
1139 731 1164 766 aa

241 784 271 828 25
289 779 369 826 Itidem
387 781 411 828 et'
426 781 536 841 poculum,
554 787 671 842 postquam
702 781 777 825 omnia
788 781 810 825 in
822 781 931 826 omnibus.

208 843 328 897 nocuisset,
341 846 440 898 dicendo,
459 844 512 890 Hoc
523 845 626 906 poculum
637 853 672 890 est
736 847 749 889 7
770 842 958 904 Unicuiqueverri
970 845 1033 890 datur
1048 845 1165 893 decla'atio

209 923 292 956 uorum
303 909 357 954 illud
369 909 453 961 foedus,
472 925 511 970 per
528 924 602 954 meum
620 924 671 954 san-
704 907 798 968 Spiritus
813 909 840 953 ad
852 909 973 956 utilitatem.

209 974 314 1034 guinem.
347 973 390 1019 boe
408 973 479 1026 facite,
500 973 672 1046 quotiescunque
736 969 989 1046 8Namhuicquidem
1001 987 1040 1033 per
1057 972 1163 1033 Spiritum
1217 966 1220 972 ¹
1307 972 1311 976 ’

210 1037 311 1090 biberitis,
323 1038 350 1083 ad
362 1037 404 1082 mei
416 1037 656 1083 commemorationem.
702 1035 767 1081 datur
778 1051 851 1080 sermo
863 1036 995 1097 sapientiae3
1013 1037 1046 1081 alii
1058 1035 1109 1082 verri
1118 1052 1155 1084 ser

243 1105 273 1147 26
297 1101 480 1166 Quotiescunque
504 1101 563 1146 enim
584 1100 673 1146 ederitis
703 1114 740 1144 mo
753 1099 845 1144 notitiae
853 1115 893 1160 per
903 1100 998 1146 eundem
1010 1101 1132 1162 Spiritum3

210 1179 290 1240 penem
306 1161 371 1210 hunc
389 1173 411 1210 et
426 1164 672 1210 ooculumbocbiberi·
736 1163 840 1210 9Alteri
862 1161 916 1208 verri
937 1163 991 1209 tides
1012 1180 1051 1224 per
1072 1165 1167 1211 eundem

210 1230 246 1282 tis,
263 1237 358 1274 mortem
373 1228 466 1274 Domrm
478 1229 622 1282 annunciatis,
634 1243 672 1273 us·
705 1227 828 1287 Spiritum3
850 1227 885 1273 alii
900 1224 955 1273 verri
970 1228 1053 1274 donum
1070 1229 1166 1276 sanatio·

211 1307 298 1354 quoquo
310 1305 401 1338 venem
704 1306 757 1336 nuru
769 1306 808 1352 per
818 1285 914 1337 eundem
927 1292 1047 1352 Spiritum3
1065 1292 1099 1337 alii
1113 1289 1167 1338 verd

244 1361 274 1403 ‘27
293 1355 371 1416 ltaque
389 1354 487 1416 quisquis
506 1356 575 1401 eden't
593 1370 672 1416 panem
704 1356 803 1428 operatio
814 1353 938 1411 virtutum,
955 1356 990 1400 alii
1007 1371 1059 1400 vero
1051 1353 1165 1416 prophe·

211 1422 277 1474 hunc,
300 1420 335 1465 vel
356 1420 433 1465 biberit
454 1420 558 1479 poculum
579 1419 673 1464 Domini
704 1419 751 1474 tia3
768 1419 802 1464 alii
816 1435 869 1464 vero
860 1416 950 1464 discr
942 1420 982 1464 tro
994 1420 1127 1480 spirituum

212 1477 308 1557 mdignci,
321 1499 371 1528 reus
381 1490 469 1530 tenetur
479 1483 577 1544 corporis
588 1491 610 1528 et
621 1487 770 1528 san-10
786 1483 858 1528 Alteri
870 1481 923 1528 reru
933 1499 1016 1557 genera
1027 1484 1168 1544 linguarum,

180 1573 182 1576 ·
210 1562 284 1609 guinis
296 1546 397 1592 Domuu
705 1545 740 1593 abr
752 1562 805 1593 vero
816 1547 966 1608 interpretatio
977 1547 1116 1608 bnguamm

244 1614 275 1656 28
293 1609 375 1656 Probet
385 1618 459 1656 autem
470 1610 562 1670 quisque
570 1609 674 1671 seipsum,
740 1614 766 1655 11
787 1611 831 1656 Sed
842 1612 916 1656 omnin
927 1612 980 1656 haec
991 1611 1057 1656 efficit
1066 1626 1123 1656 unus
1131 1611 1169 1658 ille

210 1681 234 1722 et
245 1674 276 1720 ita
286 1671 314 1721 de
324 1689 380 1736 pane
391 1673 429 1720 illo
440 1674 496 1726 edat,
513 1684 536 1720 et
550 1675 578 1720 de
594 1674 674 1736 poculo
705 1674 792 1720 elidem
803 1674 903 1749 Spiritqs,
920 1675 1051 1720 distribuens
1066 1675 1168 1736 privatim

212 1738 250 1786 cllo
260 1739 326 1784 bibat.
706 1739 746 1784 illo
756 1738 855 1798 singulis,
867 1739 924 1784 sicut
934 1738 989 1784 vult.

245 1807 276 1850 29
293 1801 353 1848 Nam
365 1817 402 1862 qur
395 1801 457 1848 ‘edit
468 1808 491 1847 et
506 1802 559 1848 bibit
576 1798 674 1862 indigne,
741 1805 770 1846 19
788 1803 849 1847 Sicut
860 1803 918 1848 enim
930 1817 1010 1863 eorpus
1019 1817 1087 1846 unum
1095 1809 1136 1854 εει,
1145 1811 1169 1848 et

212 1867 375 1914 damnationem
387 1866 468 1926 sibiipsi
477 1867 521 1912 edit
529 1875 552 1912 et
560 1867 619 1920 bibit,
630 1882 674 1912 non
705 1867 804 1911 membra
814 1867 878 1910 lrabet
889 1866 964 1919 multa,
975 1866 1050 1912 omnia
1064 1862 1118 1912 verri
1133 1867 1169 1914 illa

212 1931 338 1978 discernens
348 1929 539 1991 corpusDomini.
706 1931 803 1974 membra
817 1930 926 1990 corporis,
943 1929 1002 1989 qnod
1019 1930 1109 1974 unicum
1127 1938 1169 1984 est,

244 1998 277 2040 30
294 1993 431 2054 Propterea
426 2002 483 2040 iuter
494 2009 535 2040 vos
545 1994 608 2039 multi
622 2002 674 2040 sunt
706 1993 776 2038 multa
793 2001 850 2044 suut
868 1995 907 2040 sod
925 2009 993 2039 unum
1011 2001 1062 2038 suut
1073 2009 1169 2055 corpus3

212 2057 293 2103 debiles
302 2065 325 2102 et
335 2057 431 2110 invalidi,
447 2063 470 2102 et
481 2057 593 2103 dormiunt
605 2058 674 2103 multi.
706 2057 766 2103 itaet
779 2056 888 2104 Christus.

244 2125 273 2166 31
293 2121 385 2166 Etenim
396 2119 414 2166 si
428 2121 530 2181 nosipsos
545 2121 674 2183 dijudicare·
741 2125 770 2165 13
787 2120 877 2166 Etenim
884 2135 997 2182 perunum
1010 2120 1115 2181 Spiritum
1127 2136 1169 2167 nos

212 2198 268 2238 mus,
280 2199 322 2232 nos
328 2185 484 2244 judicaremur.
706 2200 784 2230 omnes
795 2185 817 2230 in
830 2201 897 2230 uuum
909 2201 988 2245 corpus
1005 2185 1110 2245 baptizati
1128 2201 1168 2232 au-

244 2252 277 2294 32
294 2248 339 2296 Sed
349 2249 401 2294 dum
408 2249 540 2309 judicamur,
552 2263 566 2294 a
577 2247 675 2294 Domino
706 2263 761 2300 mus,
774 2247 892 2301 essuriret,
904 2258 926 2294 et
939 2249 1026 2301 Graeci,
1038 2257 1061 2294 et
1071 2249 1136 2302 servi,
1145 2256 1169 2296 et

212 2313 332 2368 erudimur,
345 2329 374 2359 ue
385 2327 435 2358 cum
447 2314 530 2358 mundo
541 2315 675 2359 condemue-
705 2312 780 2357 liberi:
815 2319 838 2357 ct
859 2327 936 2358 omnes
958 2313 1026 2374 potati
1047 2327 1125 2359 sumus
1145 2313 1169 2358 in

213 2391 270 2424 mur.
706 2391 774 2421 uuum
787 2376 899 2436 Spiritum.

244 2445 278 2487 33
295 2438 380 2501 Itaque,
392 2439 471 2486 iratres
483 2440 533 2494 mei,
544 2456 611 2500 quum
620 2456 675 2486 con·
741 2443 770 2484 14
788 2439 877 2486 Etenim
894 2439 1036 2500 corpus‘non
1052 2445 1087 2484 est
1099 2454 1168 2486 unum

213 2505 293 2551 venitis
304 2505 332 2550 ad
344 2505 483 2558 vescendum,
495 2505 550 2550 alius
561 2505 626 2550 ulium
636 2520 676 2550 ex·
706 2505 834 2556 membrum,
847 2504 885 2548 sed
897 2504 971 2549 multa.

214 2575 318 2630 spectate.
740 2571 769 2613 15
788 2568 810 2613 si
820 2569 876 2612 dicat
885 2583 930 2628 pes,
941 2567 1001 2620 Quia
1009 2581 1054 2612 non
1063 2581 1112 2612 rum
1121 2581 1169 2614 ma·

245 2635 278 2676 ³4
295 2627 391 2685 Quod
375 2646 442 2690 siquis
450 2629 525 2684 esunt,
537 2630 595 2675 dorm
612 2631 676 2687 edat3
706 2645 754 2681 uus,
765 2647 810 2676 non
819 2647 867 2677 sum
876 2646 904 2676 er
912 2647 1016 2692 corpore
1036 2645 1089 2676 uum
1100 2646 1169 2692 prop-

215 2709 244 2740 ne
262 2694 290 2739 ad
308 2694 514 2739 condemnationem
533 2695 676 2740 conveniatis
706 2703 766 2740 terea
777 2711 821 2740 non
833 2704 866 2740 est
877 2709 905 2740 ex
916 2693 1026 2755 corpore?

216 2756 312 2816 Reliqua
332 2753 393 2810 verb,
415 2771 483 2814 quum
506 2772 594 2811 venero,
617 2759 676 2803 ordi-
742 2762 803 2804 16¹
788 2758 845 2804 Etsi
855 2759 912 2804 dicat
921 2759 985 2812 auus,
998 2757 1057 2810 Quia
1065 2772 1110 2803 non
1120 2773 1169 2804 sum

214 2821 278 2868 nabo.
707 2822 791 2875 oculus,
810 2837 854 2867 non
872 2837 920 2867 sum
937 2836 965 2867 ex
983 2837 1089 2882 corpore:
1115 2837 1169 2867 uum

706 2893 822 2946 propterea
832 2901 877 2930 non
889 2893 922 2931 est
933 2901 961 2931 ex
972 2885 1082 2946 corpore?

368 2944 443 2994 CAP.
465 2943 526 2993 XII.
743 2953 769 2994 17
789 2950 812 2996 Si
832 2957 902 2994 totum
925 2965 1005 3010 corpus
1026 2949 1109 3003 oculus,
1128 2949 1169 2994 ubi

271 3011 364 3060 ORRO
385 3012 414 3058 de
436 3011 581 3073 spiritualibus
604 3013 681 3070 donis,
707 3013 812 3058 auditus?
833 3014 851 3059 si
864 3022 934 3058 totum
951 3013 1044 3066 auditus,
1061 3013 1097 3058 ubi
1114 3013 1168 3058 odo-

291 3076 376 3131 fratres,
388 3076 456 3122 nolim
467 3091 509 3123 vos
519 3076 542 3121 iu
553 3075 678 3138 ignorantia
708 3076 788 3122 ratus?

215 3142 305 3190 versari.
742 3145 771 3186 18
789 3139 858 3186 Nunc
875 3147 948 3186 autern
970 3139 1034 3185 Deus
1052 3138 1170 3187 collocavit

255 3210 270 3252 2
294 3204 359 3252 Scitis
381 3219 422 3250 vos
443 3210 522 3263 gentes
549 3203 622 3257 luisse,
650 3205 677 3250 ad
708 3205 812 3258 membra,
822 3205 910 3266 singula
918 3205 1028 3266 sigillatim
1038 3205 1060 3249 iu
1068 3219 1169 3265 corpore,

215 3268 273 3317 idola
283 3269 320 3316 illa
327 3276 395 3323 muta,
404 3275 471 3330 prout
481 3266 625 3323 ducebamini,
636 3270 676 3314 ab·
707 3269 763 3322 sicut
775 3269 851 3314 voluit.

216 3343 297 3396 reptos.
743 3337 772 3380 19
789 3330 857 3386 Quod
876 3333 893 3377 si
913 3338 987 3378 essent
1005 3331 1078 3377 omnia
1100 3345 1169 3378 unum

247 3402 264 3443 ὅ
283 3398 421 3457 Quapropter
441 3402 518 3440 notum
536 3396 598 3441 robis
615 3395 678 3450 sacro
707 3397 836 3449 membrum,
849 3396 884 3442 ubr
895 3395 994 3472 corpus?

218 3461 301 3510 nullum
312 3477 352 3521 per
363 3459 469 3521 Spiritum
482 3458 552 3504 Dei
549 3469 677 3519 oquentem,
740 3466 772 3506 20
789 3460 857 3506 Nunc
866 3475 919 3505 vero
911 3455 1090 3518 multaqurdcm
1098 3473 1168 3504 mem

217 3525 288 3571 drcere
297 3524 375 3572 desum
387 3524 515 3578 anathema3
533 3531 555 3568 et
567 3524 677 3570 neminem
707 3523 746 3570 bra
757 3532 814 3577 sunt,
826 3539 895 3569 unum
908 3521 960 3569 versi
971 3538 1057 3583 corpus.

217 3604 281 3640 nosse
296 3589 369 3634 dicere
385 3587 463 3635 Jesum
481 3585 613 3640 Dominum,
636 3589 677 3633 nisi
740 3591 768 3633 21
789 3587 843 3633 Non
852 3594 924 3648 potest
933 3593 1005 3632 autem
1015 3585 1092 3631 oculus
1099 3584 1169 3632 drco'e

216 3666 298 3714 perp
267 3651 304 3712 Sp
298 3651 373 3696 iritum
386 3651 499 3697 Sanctum.
708 3651 789 3704 manui,
799 3649 853 3696 Nou
863 3658 896 3696 est
904 3651 957 3696 mrlu
964 3658 1063 3710 opuste
1074 3657 1113 3695 aut
1120 3664 1158 3695 rur

248 3718 265 3759 4
287 3713 451 3761 Distinctiones
472 3723 546 3760 autem
568 3714 677 3760 donorum
708 3730 757 3761 sum
768 3721 833 3776 oaput
844 3715 940 3776 pedibus,
953 3713 1007 3760 lion
1018 3720 1052 3760 est
1063 3713 1167 3759 mrluvo-

216 3783 273 3824 eunt
287 3775 392 3822 sedidem
406 3775 515 3882 Spilri9t6us:
707 3779 741 3824 bis
752 3792 813 3831 opus.
