2734 4314
511 388 738 446 MATTHAEUS,
761 388 858 436 XXVI.

210 514 227 545 n
245 499 403 545 tentationem
423 491 511 558 spin'tus
528 495 617 556 quidem
634 500 669 541 est

207 569 327 626 promptus,
339 561 377 607 sed
388 575 440 607 caro
451 559 544 606 infirma.

237 630 269 671 42
287 625 386 672 Rursum
397 621 494 672 secundd
505 625 563 678 abiit,
578 631 601 669 et
617 638 668 684 pre-

137 711 139 716 *
207 700 268 736 ratus
279 695 319 743 est,
330 689 412 742 dicens,
423 688 491 736 Pater
502 689 538 742 mi,
549 688 566 733 si
574 702 619 734 non
627 703 669 748 po-

207 763 250 800 test
260 753 303 799 boc
314 751 418 814 poculum
429 752 488 798 abire
498 766 512 798 u
522 767 558 797 me
568 752 622 812 quin
635 751 669 797 bi-

209 831 256 864 osun
267 817 346 878 ipsum,
358 815 396 863 fiet
407 817 510 863 voluntas
521 827 566 862 tue.

239 885 271 928 43
288 881 321 928 Et
331 895 400 941 quum
416 881 519 933 venisset,
538 888 671 940 repentens

209 960 295 992 rursum
305 944 440 992 dormientes
450 961 457 1002 ς
474 951 538 990 erant
545 944 605 990 enirn
613 944 670 989 oculi

208 1024 285 1058 comm
296 1009 390 1072 gravati.

240 1078 272 1119 44
289 1073 322 1120 Et
333 1072 414 1120 relictis
424 1073 462 1127 eis,
481 1087 568 1118 rursum
579 1072 637 1127 abiit,
649 1079 672 1117 et

209 1144 309 1199 precetur
327 1144 362 1184 est
380 1134 452 1192 tertid,
471 1137 567 1184 eundern
586 1151 670 1182 senno·

211 1217 260 1248 nn
271 1202 384 1262 loquutus.

151 1269 154 1272 '
247 1269 272 1312 45
289 1265 356 1312 Tunc
367 1265 429 1312 venit
445 1265 472 1309 ad
483 1263 601 1326 discipulos
614 1279 670 1318 suos,

208 1338 230 1376 et
247 1330 299 1376 dicit
314 1329 354 1383 eis,
366 1328 472 1374 Dormite
489 1327 548 1388 quod
566 1336 672 1386 superest,

209 1402 231 1438 et
248 1393 390 1454 requiescite:
415 1407 473 1446 ecoe,
491 1392 673 1452 appropinquavit

209 1458 264 1504 bora
274 1457 327 1512 illa;
343 1462 367 1502 et
378 1455 449 1502 Filius
464 1455 560 1500 hominis
576 1456 674 1516 proditur

162 1555 169 1566 ,
210 1536 231 1567 rn
244 1533 323 1566 manus
333 1527 481 1581 peccatorum.

209 1619 211 1626 ,
242 1589 274 1630 46
292 1584 388 1645 Surgite,
406 1598 499 1638 esmus3
524 1599 576 1628 ecce
594 1599 673 1644 appro-

210 1648 324 1710 pinquavit
335 1647 372 1708 qui
383 1663 419 1693 me
430 1647 510 1708 prodit.

242 1715 273 1758 47
291 1711 323 1757 Et
334 1711 405 1758 adbuc
415 1727 443 1757 eo
451 1711 562 1770 loquente.
570 1727 621 1756 ecce
630 1709 672 1757 Ju-

210 1777 255 1830 das,
267 1791 324 1822 unus
335 1790 364 1822 ex
375 1775 497 1828 duodecim,
510 1777 578 1828 venit,
590 1784 673 1820 etcum

210 1857 237 1886 eo
249 1841 313 1886 turbe
323 1840 393 1886 multa
409 1855 459 1885 cunr
476 1839 555 1900 gladiis
571 1847 594 1885 et
609 1839 673 1883 lusti·

211 1906 256 1956 bus,
266 1920 282 1952 a
293 1905 400 1966 primariis
412 1904 560 1951 sacerdotibus
577 1911 600 1948 et
616 1903 673 1949 seni-

211 1970 285 2014 oribus
296 1969 378 2030 populi.

244 2037 274 2078 48
292 2031 316 2078 Is
327 2030 380 2079 verri
388 2031 426 2091 qui
435 2031 539 2092 prodebat
548 2047 599 2077 eum
608 2031 674 2075 dedc-

213 2105 245 2142 rat
256 2097 287 2142 eis
299 2097 394 2157 signum,
407 2096 488 2148 dicens,
502 2095 576 2149 Quem
589 2095 674 2140 oscula.

213 2169 247 2206 tus
258 2159 328 2210 fuero,
340 2160 359 2206 is
369 2167 417 2216 est3
434 2159 563 2220 prehendite
573 2173 631 2204 eum.

244 2229 276 2272 49
294 2223 373 2284 [teque
391 2225 472 2277 statim,
492 2238 560 2283 quum
578 2222 676 2268 venisset

212 2289 239 2334 sd
261 2287 347 2343 Jesnm,
369 2288 431 2342 dixit,
454 2288 512 2341 Ave,
537 2287 625 2342 Rabbi;
653 2295 676 2331 et

213 2353 352 2399 deosculatus
363 2360 398 2399 est
408 2367 467 2398 eum.

245 2422 277 2464 50
293 2418 327 2463 At
337 2415 404 2464 Jesus
413 2417 468 2462 dixit
476 2415 502 2470 ei,
512 2417 598 2469 Amice,
607 2431 674 2474 quor-

213 2495 262 2526 sum
273 2481 325 2528 ades
334 2477 428 2527 i'Tunc
439 2488 585 2532 accesserunt,
594 2489 616 2524 et
628 2494 675 2524 ma·

214 2560 255 2590 uus
265 2547 389 2607 injecerunt
404 2545 427 2588 in
444 2543 529 2596 Jesnm,
542 2551 565 2592 et
581 2545 675 2603 preben-

215 2609 293 2654 derunt
303 2623 360 2652 euru.

245 2676 273 2718 51
294 2671 332 2724 Et,
344 2685 402 2722 ecce,
414 2685 471 2715 unus
483 2683 511 2714 ex
524 2669 550 2714 iis
561 2669 598 2729 qui
610 2677 676 2714 eruut

213 2751 263 2782 cum
282 2733 344 2788 Jesu,
364 2730 457 2778 extensri
472 2749 546 2786 manu,
566 2733 678 2778 distrinxit

213 2799 311 2860 gladium
333 2813 415 2854 suunr;
442 2803 465 2842 et
486 2812 590 2857 percusso
613 2813 677 2842 servo

213 2861 322 2922 pontificis
339 2861 435 2916 maximi,
452 2861 541 2907 abstulit
557 2862 676 2906 auriculum

213 2942 267 2972 eus.

222 2943 277 3037 J52
293 2989 360 3036 Tunc
379 2989 410 3036 eit
426 2989 447 3035 ei
466 2987 540 3042 Jesus,
563 2987 677 3036 Converte

214 3055 311 3117 gladium
323 3062 385 3100 tuum
402 3054 425 3100 in
442 3053 516 3100 locum
528 3068 607 3100 suurn:
627 3053 676 3112 qui·

213 3135 300 3180 cunque
312 3119 370 3165 enim
382 3119 506 3180 acceperint
512 3117 617 3180 gladium,
627 3119 675 3179 gla-

213 3183 250 3229 dro
263 3183 371 3244 peribunt.

246 3250 278 3294 53
294 3247 333 3292 An
344 3255 408 3306 putes
425 3262 461 3292 me
478 3261 522 3292 non
539 3261 605 3306 posse
618 3261 677 3291 nunc

214 3311 298 3372 precari
311 3309 401 3356 Patrem
413 3325 494 3362 meum,
505 3311 544 3369 qui
561 3311 604 3354 buc
616 3310 679 3354 sistat

700 491 780 556 gladiis
794 501 817 540 et
832 493 933 550 fustibus,
951 501 976 542 ut
991 499 1157 559 comprehende

701 559 754 604 retis
765 559 819 605 me?
835 559 932 618 quotidie
943 561 1001 625 apud
1012 577 1053 608 ros
1065 564 1163 608 scdeberr

701 623 784 668 docens
805 623 828 669 in
851 623 939 685 templo,
960 628 1004 670 *nec
1021 627 1165 688 prehendistis

702 702 745 732 me.

735 753 766 798 56
785 749 837 796 Hoc
849 758 922 796 autern
938 759 1010 798 totum
1027 751 1109 800 sactum
1127 767 1167 800 est.

702 822 728 861 ut
746 814 890 876 irnplerentur
911 816 1032 877 scripturae
1048 819 1166 878 propbeta-

704 877 860 925 rum-Tunc
872 879 971 941 disciptdi
988 896 1073 936 omnes,
1092 883 1168 930 relicto

703 957 738 994 eo,
749 941 862 1004 fugerunt.

736 1008 766 1053 57
789 1009 806 1067 1
815 1004 850 1051 illi
870 1003 924 1052 verri
940 1008 1073 1068 prehensum
1090 1008 1168 1057 Jesum

704 1070 842 1117 sbduxerunt
858 1071 886 1116 ad
904 1069 1025 1134 Ceiapbarn
1041 1073 1167 1134 pontificem

704 1135 831 1190 maximum,
844 1135 879 1181 ubi
891 1136 974 1182 scribae
985 1144 1007 1184 et
1018 1137 1117 1184 seniores
1130 1154 1161 1184 co

704 1199 747 1245 scti
758 1205 827 1244 erent.

736 1265 767 1310 58
786 1261 867 1309 Petrus
878 1273 951 1310 autem
959 1265 1089 1324 sequebatur
1097 1281 1171 1312 eume

704 1325 827 1388 longinquo
846 1329 954 1387 usquein
971 1329 1043 1374 aulam
1060 1329 1170 1390 pontificis

705 1391 801 1443 maximi,
822 1397 846 1437 et
867 1392 981 1452 ingressus
1002 1391 1061 1439 intrd
1083 1395 1171 1440 sedebat

706 1469 757 1500 cum
769 1454 881 1508 ministris,
894 1463 918 1501 ut
930 1457 1013 1502 videret
1025 1443 1098 1502 lineui.

739 1523 770 1565 59
789 1518 890 1565 l'rimarii
904 1517 956 1565 verri
967 1521 1092 1567 sacerdotes
1103 1529 1126 1566 et
1135 1537 1170 1568 se·

707 1582 787 1636 mores,
799 1589 822 1628 et
833 1590 893 1628 totus
905 1599 1028 1636 consessus,
1038 1585 1172 1645 quaerebant

707 1646 786 1691 fulsum
798 1647 949 1692 testimonium
960 1655 1038 1694 contra
1048 1649 1135 1701 Jesum,
1148 1658 1172 1695 ut

706 1725 757 1756 eum
769 1717 840 1756 morte
851 1711 978 1768 afficeren13

739 1779 771 1820 60
783 1774 815 1819 Et
821 1789 864 1820 non
871 1775 1016 1822 invenerunt:
1031 1785 1097 1823 etiarn
1103 1793 1172 1837 quum

706 1837 770 1883 multi
781 1837 830 1884 falsi
842 1847 910 1884 testes
921 1841 1071 1895 accessissent,
1084 1857 1129 1887 non
1138 1843 1173 1888 in-

707 1910 823 1948 venerunt.
858 1899 976 1949 Postremd
988 1920 1040 1950 vero
1051 1905 1172 1952 advenien-

707 1973 741 2012 tes
751 1966 795 2012 duo
807 1965 855 2012 falsi
866 1973 941 2021 testes,

740 2033 768 2076 61
784 2028 904 2084 Dixerunt,
913 2029 959 2077 Iste
964 2032 1025 2086 dixit,
1033 2031 1128 2078 Possum
1134 2035 1171 2080 de-

708 2103 793 2139 struere
804 2094 910 2154 templum
924 2095 976 2149 Dei,
988 2105 1010 2142 et
1019 2097 1091 2142 triduo
1101 2097 1171 2159 ipsunt

707 2157 828 2202 aedificare.

740 2225 771 2267 62
789 2221 821 2267 Et
828 2237 896 2282 quum
903 2223 1065 2269 exsurrexisset
1072 2225 1172 2285 pontifex

708 2286 825 2340 maximus,
841 2286 939 2340 dixitei,
958 2287 1021 2332 Nibil
1037 2289 1173 2349 respondes?

708 2350 760 2410 quid
771 2357 802 2396 est
813 2353 874 2411 quod
885 2351 919 2396 isti
932 2352 1048 2397 adversum
1060 2360 1082 2398 te
1093 2353 1161 2398 testiri

708 2413 803 2460 cantur?

741 2482 773 2524 65
791 2476 859 2525 Jesus
880 2485 954 2524 autem
971 2479 1054 2525 silebat.
1088 2479 1121 2526 Et
1139 2497 1172 2528 re

709 2542 820 2602 spondens
831 2543 932 2602 pontifex
948 2544 1057 2589 maximus
1074 2545 1130 2590 dixit
1147 2547 1174 2599 ei,

710 2606 796 2666 Adjuro
814 2613 837 2651 te
858 2623 897 2667 per
920 2607 996 2652 Deum
1013 2609 1133 2663 viventem,
1151 2620 1174 2656 ut

709 2669 768 2714 dicas
780 2671 849 2724 uobis,
861 2686 889 2716 an
901 2677 925 2715 tu
937 2672 966 2717 sis
977 2669 1079 2718 Christus
1087 2673 1124 2719 ille
1135 2673 1162 2719 Fi

709 2733 752 2778 lius
768 2732 821 2779 Dei.

742 2801 774 2843 64
786 2797 850 2843 Dicit
858 2798 877 2843 ei
884 2797 957 2853 Jesus,
965 2798 1002 2844 Tu
1008 2800 1094 2845 dixisti:
1108 2817 1174 2860 quur·

708 2861 775 2906 etiarn
797 2862 847 2906 dico
869 2863 938 2916 vobis,
961 2863 999 2909 Ab
1015 2865 1057 2909 boc
1074 2871 1174 2925 ternpore

709 2925 809 2971 videbitis
822 2925 903 2970 Filium
914 2927 1010 2972 hominis
1023 2928 1135 2974 sedentem
1148 2930 1174 2976 ad

709 2989 809 3034 dextram
820 2990 932 3050 potentiae
943 2993 996 3046 Dei,
1009 2999 1031 3036 et
1048 2993 1174 3047 venientem

709 3053 732 3098 in
744 3054 837 3098 nubibus
848 3055 910 3099 coeli.

742 3120 772 3163 65
789 3117 812 3162 T
814 3132 856 3162 unc
867 3117 967 3178 pontifex
976 3119 1085 3164 maximus
1093 3120 1173 3180 dirupn

709 3182 842 3227 vestimenta
863 3197 909 3235 sua,
929 3183 1010 3236 dicens,
1029 3183 1173 3244 Blaspbema-

708 3246 754 3291 vit:
774 3245 825 3305 quid
848 3243 942 3306 amplids
958 3262 1050 3306 egemus
1067 3247 1173 3294 testibusi

709 3315 768 3363 ecce,
789 3325 848 3354 nunc
866 3311 956 3356 audistis
975 3311 1131 3372 blasphemiam
1150 3327 1170 3358 e·

216 3375 267 3419 mibi
278 3375 352 3434 plures
363 3370 428 3433 qudm
445 3373 561 3419 duodecim
578 3373 678 3434 legiones
705 3373 752 3434 jus.

215 3438 366 3498 angelorum?

247 3504 278 3547 54
306 3501 427 3554 Quomodo
454 3517 509 3561 ergo
536 3499 679 3560 implerentur

216 3566 340 3655 scrippurae
357 3568 512 3624 praedicunt
529 3564 560 3610 sic
577 3572 679 3624 oportere

217 3634 278 3736 ner6:¹3
298 3689 324 3734 ln
337 3689 373 3734 illi
385 3690 438 3736 boui
450 3693 504 3736 dixit
517 3691 583 3738 Jesus
595 3693 677 3744 turbae.

218 3756 253 3800 su
266 3751 371 3800 edversrls
388 3754 494 3800 latronem
512 3755 612 3800 exivistis
628 3772 678 3800 curu

441 3822 471 3860 Sd

743 3441 775 3482 66
793 3436 853 3489 Quid
865 3437 928 3483 vobis
939 3437 1042 3484 videtur?
1060 3437 1108 3500 ipsi
1123 3455 1175 3485 vere

712 3501 870 3560 respondentes
881 3502 991 3556 dixerunt,
1004 3502 1103 3549 Tenetur
1115 3519 1163 3548 mor

711 3565 739 3609 tis
751 3562 828 3624 poenal.

744 3632 774 3674 67
792 3628 858 3674 Tunc
866 3631 995 3690 inspuerunt
1005 3631 1026 3674 in
1035 3630 1114 3677 faciens
1121 3633 1175 3692 eJ‘us
1246 3627 1249 3632 ’

711 3703 733 3738 et
755 3692 858 3751 colaphos
873 3693 893 3738 ei
910 3694 1051 3740 inflixerunt:
1071 3695 1107 3741 alii
1124 3692 1176 3742 vert

711 3756 794 3802 buciliis
805 3772 855 3801 euru
868 3758 1001 3808 cecblerunt,
