2734 4314
537 373 544 388 ⁸
623 403 768 463 urceus
792 405 839 458 rn

249 516 321 561 niae!
339 511 398 570 Quis
409 519 483 574 potest
494 511 606 559 remittere
616 519 712 573 peccata,
744 511 953 571 ipsirestsoonsus
965 515 1087 577 jejunare?
1104 518 1208 577 quamdis
1263 517 1273 524 ’

249 580 287 626 nisi
299 578 361 624 eolus
373 576 457 623 Deus?
745 575 826 620 habeut
836 592 911 622 secum
923 593 1036 640 sponsum,
1054 594 1098 625 non
1115 585 1211 642 possunt

280 647 295 688 8
312 642 344 688 Et
354 655 423 704 quum
432 639 506 688 statim
517 640 661 700 cognovisset
671 637 712 686 Je-
740 639 849 701 jejunare.
946 637 954 655 '

247 721 285 752 aus
307 706 384 766 spiritu
395 720 443 758 suo,
470 719 510 750 eos
536 705 568 750 ita
588 703 713 749 ratiocinari
777 707 809 748 20
826 703 923 750 Venient
931 713 1004 750 autem
1013 707 1066 759 dies,
1078 722 1147 766 quum
1157 709 1211 753 urb-

248 769 304 830 apud
321 784 352 822 era
364 769 419 814 dixit
434 768 473 820 eis,
492 767 553 821 Quid
570 767 613 813 ista
624 768 712 814 ratioci·
744 765 801 813 latus
812 768 854 813 erit
865 770 891 814 ah
902 771 933 814 eis
945 785 1077 830 sponsuser
1090 785 1212 834 conoqqu-

248 834 330 880 aamini
342 833 365 879 in
376 833 478 879 cordibus
489 831 585 878 vestris?
744 831 827 877 nabunt
839 832 881 878 illis
892 833 974 878 diebus.

281 902 296 944 9
315 895 397 943 Utrum
408 903 443 942 est
451 895 535 942 facilius
544 896 616 941 dicere
623 894 711 956 paraly·
777 899 806 940 21
826 895 1090 958 Sedaemopanniculum
1097 899 1210 959 impexum

248 962 299 1014 tito,
317 961 422 1007 Remissa
432 967 484 1006 sunt
499 961 537 1006 tibi
553 957 662 1020 peccata?
683 974 712 1004 an
744 959 812 1004 rnruit
822 961 955 1006 vestimento
966 963 1050 1008 veteri=
1070 963 1167 1022 alioquin
1185 965 1211 1008 ir·

248 1026 328 1079 (haere,
347 1024 427 1085 Surge,
447 1030 470 1071 et
488 1024 565 1071 attolle
582 1023 712 1085 grabbatum
744 1021 783 1069 lud
798 1023 867 1084 ipsius
883 1026 1059 1086 supplementum
1071 1041 1155 1072 novum
1167 1028 1212 1072 tol·

248 1097 319 1144 tuum,
330 1097 353 1136 et
364 1087 468 1136 ambula?
744 1086 770 1134 lit
780 1089 871 1148 aliquid
881 1104 910 1135 ex
921 1097 995 1135 vetere
1006 1092 1143 1144 vestimento,
1156 1097 1179 1136 ct
1188 1091 1211 1136 fir

284 1159 313 1200 10
331 1153 365 1200 Ut
376 1161 449 1200 autem
462 1153 535 1200 sciatis
547 1151 628 1198 Filium
639 1151 712 1197 homi·
745 1152 807 1214 pejor
817 1151 902 1199 fissura

250 1220 284 1265 ais
294 1219 375 1264 habere
385 1223 517 1278 potestatem
526 1216 650 1262 remittendi
659 1229 712 1277 pec
777 1220 809 1261 22
826 1216 859 1264 Et
874 1231 940 1263 nemo
956 1217 1025 1280 injicit
1037 1218 1115 1264 vinum
1126 1233 1211 1266 norum

249 1291 298 1328 rata
308 1284 330 1328 in
342 1279 407 1334 terrai,
420 1282 463 1344 (ait
472 1277 605 1342 paralytico)
744 1279 767 1326 iu
778 1287 840 1326 utres
848 1287 948 1338 veteres3
965 1281 1045 1342 alioqui
1053 1283 1131 1328 vinum
1139 1283 1211 1329 effim-

284 1350 310 1391 ll
330 1345 380 1392 Tibi
408 1345 464 1398 circo,
493 1345 573 1404 Surge,
594 1349 618 1389 et
638 1342 714 1390 attolle
746 1345 810 1398 ditur,
819 1355 842 1390 et
851 1347 1160 1406 utrespcreunttsedvinum
1169 1363 1210 1392 no·

249 1411 379 1471 grabbatum
391 1415 460 1463 tuum,
472 1415 495 1454 et
503 1409 537 1454 abi
546 1408 636 1453 domum
646 1415 713 1452 tuam.
746 1423 800 1454 vum
821 1409 844 1454 in
867 1417 927 1456 utres
949 1420 1048 1456 recentes
1069 1411 1212 1472 injiciendum

285 1479 314 1518 12
330 1473 396 1519 Tunc
407 1475 445 1518 ille
456 1474 530 1518 statim
542 1472 644 1526 surrexit,
662 1473 713 1517 sub·
746 1479 787 1518 est

251 1539 338 1598 latoque
348 1538 372 1584 in
380 1539 484 1584 humeros
492 1538 604 1598 grabbato,
612 1551 715 1598 egressus
779 1540 812 1582 23
827 1540 844 1597 1
859 1535 953 1583 Factum
972 1545 1006 1584 est
1025 1545 1099 1584 autem
1119 1547 1144 1585 ut
1164 1539 1213 1600 ipse

249 1611 369 1648 cstcoram
385 1602 503 1657 omnibus;
526 1597 581 1646 adcri
598 1609 622 1646 ut
638 1601 714 1645 obstu-
747 1601 875 1662 praeteriret
886 1602 974 1647 sabbato
984 1617 1024 1662 per
1035 1609 1098 1659 sata3
1120 1611 1144 1649 et
1158 1619 1211 1650 coe·

250 1663 713 1728 pescererrtomnes,etgloriticareutDe·
746 1673 827 1725 parunt
848 1665 947 1726 discipuli
969 1668 1016 1727 cjus
1043 1668 1084 1712 iter
1111 1666 1213 1714 faciendo

250 1745 295 1785 um,
319 1731 423 1782 dicentes,
446 1728 568 1790 Nunquam
589 1728 633 1775 tale
654 1728 716 1788 quic·
748 1728 831 1776 cellere
842 1731 919 1790 spicas.

250 1811 316 1856 quam
327 1795 430 1842 vidimus.
782 1797 814 1838 24
824 1792 891 1840 Tunc
900 1793 1011 1839 Pharisaei
1019 1793 1154 1849 direnmtei,
1165 1795 1213 1841 Ec·

286 1863 315 1904 13
332 1863 346 1921 1
362 1858 395 1906 Et
416 1873 519 1920 egressus
538 1865 572 1904 est
592 1871 667 1903 mrsus
686 1855 714 1902 ad
746 1872 778 1911 ce,
800 1872 840 1902 cur
861 1857 946 1904 faciunt
968 1858 1056 1904 sabbato
1080 1859 1140 1918 quod
1165 1873 1213 1906 nou

251 1937 327 1971 mare:
358 1931 448 1983 totaque
470 1923 533 1969 turba
559 1923 660 1968 veniebat
686 1921 714 1966 ad
746 1921 817 1968 licet?

251 2004 309 2041 eum,
321 2003 346 2033 ac
358 1987 449 2034 docebat
460 2001 506 2032 eos.
779 1989 810 2032 25
828 1985 860 2032 Et
871 1985 917 2046 ipse
928 1985 983 2031 dixit
994 1985 1032 2039 eis,
1046 1985 1167 2046 Nunquam
1178 1987 1212 2033 le·

286 2055 315 2096 14
332 2051 365 2097 Et
372 2063 440 2110 quum
449 2049 671 2111 praetergrederetur,
680 2049 714 2093 vi·
746 2049 811 2112 gistis
822 2050 874 2110 quid
885 2049 961 2096 fecerit
980 2049 1061 2104 David,
1079 2066 1147 2110 quum
1159 2067 1212 2112 ege·

251 2115 283 2161 dit
301 2114 374 2160 levin
392 2114 485 2174 Alphaei
499 2114 582 2177 fllium
602 2113 715 2159 sedentem
747 2120 787 2168 ret,
806 2120 829 2160 et
845 2114 939 2161 esuriret
954 2114 1007 2176 ipse,
1027 2122 1049 2160 et
1066 2115 1103 2176 qui
1120 2129 1171 2160 cum
1185 2131 1213 2162 eo

251 2179 278 2224 ad
290 2179 402 2232 telonium,
415 2178 513 2238 dixitque
523 2177 550 2231 ei,
564 2177 661 2237 Sequere
671 2192 715 2223 me.
747 2179 837 2225 aaut?

252 2242 315 2289 Etis
326 2257 420 2304 surgens
430 2248 536 2302 sequutus
546 2248 581 2288 est
592 2256 650 2287 eum.
780 2247 811 2290 26
829 2242 950 2297 Quomodo
961 2242 1074 2304 ingressus
1085 2241 1114 2288 sit
1122 2243 1213 2288 domurn

286 2309 315 2354 15
332 2307 364 2352 Et
374 2306 456 2353 factum
468 2313 508 2359 est,
526 2312 551 2352 ut
566 2321 635 2366 quum
648 2304 716 2353 Jesus
749 2306 794 2353 Dei
806 2307 847 2353 sub
864 2307 971 2353 Abiathar
987 2306 1091 2368 pontifice
1106 2307 1215 2366 maximo,

253 2373 389 2418 accumberet
397 2372 420 2417 in
428 2372 496 2418 domo
504 2371 567 2425 illius,
576 2370 641 2416 multi
649 2371 715 2417 etiarn
747 2379 771 2417 et
781 2387 849 2432 panea
860 2371 1010 2432 proposititios
1018 2371 1093 2425 ederit,
1102 2387 1159 2432 quos
1167 2387 1213 2417 non

251 2437 359 2498 publicanl
381 2443 404 2482 et
424 2442 551 2497 peccatores
578 2434 644 2480 simul
670 2435 715 2480 dis·
748 2436 800 2482 licet
810 2436 875 2481 edere
886 2435 928 2481 nisi
940 2435 1095 2488 sacerdotibus,
1105 2443 1134 2481 'et
1144 2435 1212 2482 dede-

251 2501 375 2546 cubuerunt
385 2515 436 2546 cum
450 2498 506 2547 Jesu
521 2506 545 2545 et
558 2499 670 2559 discipulis
691 2513 715 2544 e·
749 2501 777 2546 rit
787 2501 855 2546 etiam
865 2500 892 2545 iis
903 2500 939 2560 qui
951 2514 1026 2546 recum
1038 2498 1121 2546 erant?
1282 2505 1287 2510 ’

251 2565 300 2626 jus:
319 2572 382 2610 erant
392 2565 451 2610 enim
463 2563 532 2617 multi,
541 2568 564 2608 et
572 2563 658 2622 sequuti
667 2561 716 2608 fue·
781 2568 812 2611 27
825 2563 892 2609 Dixit
898 2564 963 2610 etiam
970 2564 1008 2617 eis,
1020 2564 1138 2610 Sabbatum
1145 2578 1212 2624 prop·

254 2636 369 2673 ranteum.
708 2648 711 2654 ,
749 2635 783 2674 ter
798 2629 911 2674 homiuem
927 2628 1011 2674 factum
1027 2634 1068 2682 est,
1083 2642 1130 2673 oon
1147 2629 1214 2674 homo

287 2695 316 2737 16
333 2692 455 2751 Quumque
471 2691 554 2736 scribae
569 2697 592 2736 et
605 2689 716 2737 Pharisaei
748 2701 839 2754 propter
849 2694 968 2739 sabbatum.

252 2755 358 2800 uidissent
379 2770 430 2800 eum
451 2754 553 2800 edentem
575 2769 626 2799 cum
645 2755 716 2816 publi·
782 2761 813 2802 28
830 2754 909 2817 Itaque
921 2755 991 2802 Filius
1002 2755 1212 2802 hominisestetiam

253 2819 314 2866 canis
332 2824 355 2864 et
371 2818 528 2879 peccatoribus,
547 2818 651 2864 dixemnt
670 2819 715 2865 dis·
749 2821 830 2868 sabbati
841 2820 950 2867 dominus.

163 2908 168 2917 .
253 2881 330 2943 cipulis
341 2885 394 2944 ejus,
412 2882 475 2935 Quid
485 2890 518 2928 est
528 2878 587 2943 qudd
598 2897 649 2928 cum
659 2885 716 2944 pub-

253 2946 330 2992 licanis
351 2953 373 2992 et
394 2946 545 3008 peccatoribus
567 2947 612 2992 edit
633 2962 659 2994 ac
682 2948 715 2994 bi·
910 2946 984 2996 cAI.
1006 2945 1054 2994 ΙΙΙ.

253 3010 302 3058 bit?
808 3011 1213 3074 Tintroivitmrsusinsynagogamt

287 3078 316 3123 17
334 3075 366 3122 Et
384 3091 453 3136 quum
471 3079 513 3122 boc
530 3078 627 3122 audisset
643 3075 717 3130 Jesus,
834 3085 924 3137 eratque
935 3078 978 3124 ibic
991 3078 1080 3138 quidam
1096 3077 1216 3123 arefactam

253 3141 306 3188 dicit
316 3141 354 3195 eis,
367 3138 399 3187 Iis
409 3141 447 3201 qui
458 3141 534 3188 valent
549 3156 595 3186 non
612 3157 668 3202 opus
684 3147 718 3186 est
750 3156 840 3188 manum
852 3142 941 3188 habens.

254 3205 345 3259 medico,
362 3206 401 3252 sed
411 3207 438 3252 iis
451 3206 488 3266 qui
505 3201 563 3252 male
579 3221 602 3252 sc
618 3206 713 3251 halent:
782 3209 798 3250 2
814 3205 847 3251 Et
866 3205 1053 3252 observabantur
1073 3203 1163 3250 sabbato
1180 3219 1216 3252 sa·

254 3284 298 3316 aon
310 3269 360 3315 veni
371 3276 397 3316 ut
408 3286 511 3317 vocarem
517 3271 598 3330 justos,
615 3270 654 3315 sed
664 3285 717 3330 pec-
751 3276 842 3317 uatums
853 3278 913 3316 esset
923 3285 973 3315 eum
982 3285 990 3325 3
1008 3275 1032 3315 ut
1043 3268 1116 3329 ipsum
1124 3283 1212 3314 accusa·

254 3340 345 3387 ratores,
358 3333 385 3379 ad
397 3334 574 3395 resipiscentiam.
751 3341 807 3380 rent.

288 3401 317 3443 18
333 3401 350 3459 1
365 3397 475 3458 Discipuli
493 3404 566 3443 autern
584 3394 679 3457 Juann'rs
694 3413 719 3443 ac
784 3402 801 3443 5
817 3396 883 3444 Tunc
894 3397 924 3444 ait
936 3391 1021 3443 homini
1029 3395 1116 3442 habenti
1125 3410 1217 3442 manum

256 3459 425 3508 Pbarisaeomm
448 3461 592 3522 jejunabant:
626 3462 719 3506 veniunt
751 3462 878 3516 arefactam,
893 3462 966 3522 Surge
976 3462 999 3506 in
1011 3461 1115 3506 medium.

277 3525 322 3571 itur
341 3532 364 3571 et
382 3526 458 3571 dicunt
476 3525 503 3578 ei,
524 3525 602 3577 Quare
620 3525 719 3585 discipuli
784 3530 800 3570 4
817 3525 859 3572 Eis
875 3533 949 3571 autern
966 3525 1027 3577 dixit,
1046 3523 1111 3569 Licet
1128 3523 1218 3568 sabbato

257 3538 349 3637 iorum
359 3599 382 3634 et
392 3588 677 3648 Pharisaeommjcjunam,
687 3590 718 3634 tui
751 3589 886 3643 benefacere,
903 3605 932 3635 an
948 3588 1079 3634 malefacere
1093 3587 1217 3646 cuipiam?

256 3659 328 3699 autem
339 3652 438 3712 discipuli
449 3667 494 3699 nou
501 3651 623 3713 jejunanti
752 3655 863 3699 hominem
873 3669 968 3707 servare,
980 3661 1018 3699 aut
1025 3651 1154 3698 tmcidare?
1173 3649 1217 3713 lpsr

288 3718 318 3761 19
334 3714 483 3761 Tuncaiteis
496 3715 569 3768 Jesus,
587 3715 650 3762 Num
667 3731 719 3776 pos-
753 3715 806 3764 verri
817 3718 914 3764 silebant,

256 3786 308 3825 arm
324 3775 362 3823 lilii
380 3777 476 3834 thalami,
490 3793 539 3884 ppo
555 3787 654 3838 tempore
668 3795 720 3825 cum
784 3779 849 3827 5Et
870 3796 939 3841 quum
965 3779 1156 3841 circumspexisset
1180 3791 1221 3826 cot
