2720 4312
485 379 685 428 natussum
701 379 854 450 JQANNIS,
878 379 912 427 11.

250 490 314 538 altr
325 492 371 552 ipso
382 497 416 536 εει
431 489 556 551 propitiatio
572 503 612 548 pro
628 503 680 548 peo-
713 503 769 547 quae
786 488 808 532 in
828 488 911 533 mundo
929 494 987 534 sunt
1022 487 1172 549 Siquisdillg‘a

220 557 270 602 satia
283 569 377 610 uostns;
394 569 435 601 nec
449 569 490 613 pro
506 553 587 598 nostris
603 550 682 604 soldm,
714 552 827 604 mundum,
840 559 936 596 nonest
953 552 1046 598 charitas
1066 551 1139 598 Patris
1155 552 1175 598 in

220 620 256 666 aed
275 621 340 664 etiarn
360 634 400 680 pro
419 618 486 664 totius
504 616 580 662 mundi
598 631 681 676 pecca-
714 630 747 660 eo.

219 686 254 730 lis.
749 682 777 724 16
795 678 906 731 Quoniam
916 677 1019 739 quicquid
1030 685 1064 723 est
1075 677 1097 723 in
1110 694 1174 724 mun·

250 751 265 790 3
284 745 315 791 Et
330 759 368 806 per
384 745 426 790 hoo
441 742 521 789 scimus
536 739 595 802 qudd
610 742 680 804 ipsum
715 742 749 795 dc,
762 742 868 803 cupiditas
879 744 999 794 carnisest,
1011 749 1034 787 et
1045 741 1110 787 libido
1122 758 1175 788 ocu·

221 810 328 863 novimus,
339 822 357 854 ει
374 807 477 854 mandata
494 807 562 868 ipsius
576 808 680 852 observa·
714 805 792 859 lorum,
804 814 826 852 et
837 804 906 851 fastus
917 807 981 858 vitoe¹
994 815 1083 851 nonest
1095 821 1122 852 ex
1133 805 1176 853 Pa·

221 887 275 921 mars.
715 876 754 922 tre,
767 870 804 914 sed
816 882 844 914 ex
855 870 938 914 mundo
949 877 990 916 est.

251 940 265 982 4
284 935 329 990 Qui
340 934 398 990 dicit,
410 933 472 980 Novi
483 949 541 988 enm,
550 940 573 980 et
581 934 684 980 mandata
750 935 777 979 l'l
795 931 866 978 Porrd
877 934 972 978 mundus
983 933 1093 994 praeterit,
1104 942 1126 979 et
1138 950 1177 980 aa·

221 1015 265 1063 ιμι
276 1003 321 1045 nbn
333 1006 412 1053 servat,
423 999 519 1046 mendax
529 1005 569 1053 est,
581 1006 603 1044 et
617 999 639 1044 in
655 1015 682 1044 eo
714 996 792 1056 piditas
803 997 885 1057 ipsius;
902 997 939 1056 qui
956 993 1009 1042 veni
1025 1007 1121 1058 praestat
1137 1013 1178 1044 str-

222 1068 300 1111 seritas
312 1078 356 1109 non
367 1069 414 1109 ests
714 1059 821 1106 luntatem
834 1059 885 1113 Dei,
897 1069 971 1106 manet
982 1060 1004 1106 in
1015 1067 1137 1107 aeternum.

251 1132 266 1174 5
279 1127 404 1182 Quiautem
414 1131 487 1173 servat
495 1140 619 1171 sermonem
628 1125 682 1186 ejus,
750 1127 778 1168 18
791 1123 888 1178 Pueruli‚
896 1124 997 1170 ultimum
1007 1131 1093 1184 tempus
1102 1126 1177 1182 adest,

221 1186 272 1238 verd
294 1193 317 1237 in
336 1191 379 1237 hoe
395 1189 488 1236 charitas
505 1188 551 1235 Dei
566 1189 683 1250 adimpleta
715 1193 738 1234 et
749 1188 805 1233 sicut
816 1188 929 1234 audivistis
937 1188 1089 1234 antichristum
1096 1199 1176 1236 ventu·

219 1263 265 1302 ast:
284 1270 324 1317 per
338 1255 380 1301 hoc
398 1254 479 1300 seimus
496 1269 538 1300 nos
553 1253 576 1299 in
587 1253 635 1315 ipso
646 1268 682 1299 εε-
715 1265 771 1306 rum,
779 1253 844 1298 etiam
852 1267 910 1297 nunc
921 1252 1042 1298 antichristi
1054 1254 1116 1298 multi
1125 1269 1177 1300 coe·

219 1337 249 1368 se.
716 1322 796 1376 perunt
816 1331 880 1362 esse:
900 1317 958 1362 unde
977 1317 1058 1362 scimus
1076 1316 1177 1364 ultimum

251 1388 266 1430 6
284 1382 329 1436 Qut
341 1382 393 1428 dicit
404 1397 428 1428 se
439 1381 462 1427 in
479 1396 506 1427 eo
523 1381 627 1436 habitare,
642 1380 681 1427 de·
715 1386 803 1438 tempus
814 1379 896 1426 adesse.

219 1449 261 1498 bet,
274 1448 329 1493 sicut
340 1447 377 1493 ille
387 1447 482 1500 incessit,
499 1446 568 1492 itaet
584 1445 631 1506 ipse
646 1445 681 1490 in-
750 1447 779 1491 19
796 1442 891 1490 Enobis
907 1443 990 1504 egressi
1008 1451 1066 1497 sunt,
1083 1443 1178 1491 sednon

219 1511 303 1556 cedere.
714 1513 778 1552 erant
796 1521 825 1553 ex
844 1508 922 1554 nobis:
944 1519 996 1553 naar
1046 1508 1139 1559 luissent
1150 1521 1177 1555 ez

251 1577 265 1621 'l
284 1572 378 1626 Fratres,
395 1587 440 1617 non
456 1586 539 1618 novum
554 1571 682 1617 mandatum
715 1571 784 1625 nobis,
811 1572 984 1632 permansissent
1006 1571 1080 1630 utique
1102 1573 1174 1618 uobis·

219 1639 289 1684 acribo
311 1637 379 1690 vobis,
402 1635 441 1681 sed
462 1637 588 1681 mandatnm
610 1643 681 1689 vetus,
715 1649 780 1690 cum;
804 1634 842 1680 sed
859 1637 943 1694 egressi
960 1643 1013 1681 sunt
1029 1650 1056 1681 es
1069 1636 1139 1688 nodr's,
1153 1643 1176 1684 ιιι

219 1702 277 1762 quod
298 1702 400 1748 uidelicet
417 1700 520 1746 habuistis
528 1698 582 1761 jons
600 1701 653 1746 inde
669 1695 683 1746 d
714 1697 827 1759 patefieret
838 1714 882 1744 non
895 1715 971 1745 omnes
982 1713 1031 1746 esse
1039 1713 1068 1744 ex
1078 1699 1148 1747 nobis.

218 1766 331 1827 principio.
376 1763 448 1810 Vetus
474 1765 517 1809 hoc
546 1763 681 1817 mandatum,
748 1767 779 1808 20
801 1763 833 1808 At
855 1779 895 1809 vos
917 1763 1043 1808 unctionem
1061 1763 1144 1809 habetis
1164 1764 1177 1812 l

219 1845 291 1876 senno
314 1830 349 1875 ille
370 1839 404 1874 est
425 1843 490 1888 quem
507 1828 620 1874 audivistis
627 1825 681 1890 jorn
717 1825 798 1872 Sancto
814 1827 851 1872 illo
866 1825 998 1888 profectam,
1010 1834 1033 1871 et
1048 1825 1116 1872 ndstis
1128 1843 1177 1873 ons·

219 1895 272 1940 inde
282 1890 296 1939 ri
306 1893 419 1954 principio.
715 1891 759 1936 nia.

251 1961 266 2002 8
284 1957 306 2003 E
328 1957 438 2002 contrario
454 1955 580 2001 mandatum
598 1970 681 2000 novum
748 1958 775 1999 21
797 1953 850 2000 Non
861 1952 936 2014 scripsi
945 1953 1007 1999 vobis
1015 1955 1107 2008 ideireo,
1119 1951 1179 2014 qudd

219 2022 289 2068 scribo
300 2021 368 2073 vohis,
380 2020 438 2080 quod
449 2033 526 2064 verum
541 2026 574 2064 est
591 2019 613 2063 in
627 2019 681 2079 ipso,
716 2018 832 2065 veritatem
844 2018 956 2080 ignoretis,
963 2018 1001 2062 sed
1008 2019 1059 2081 quia
1066 2033 1114 2063 eam
1124 2017 1177 2064 nds-

219 2093 242 2131 et
248 2085 271 2130 in
278 2084 352 2138 vobis;
369 2084 420 2143 quia
428 2083 529 2128 tenebrae
536 2090 681 2144 praetereunt,
716 2083 750 2134 tis,
762 2090 785 2128 et
796 2082 879 2127 nullum
891 2081 1027 2128 mendacium
1039 2097 1087 2128 esse
1098 2097 1126 2127 ex
1138 2097 1166 2128 ve

219 2158 241 2195 et
249 2163 305 2194 vcra
314 2147 351 2192 illa
359 2147 396 2191 lux
403 2148 451 2208 jam
463 2145 527 2192 lucet.
719 2147 788 2192 ritate.

252 2217 266 2259 9
284 2211 330 2265 Qui
341 2211 393 2256 dicit
404 2227 427 2256 se
438 2211 461 2255 in
472 2210 521 2256 luce
532 2224 586 2262 esse,
598 2217 620 2256 et
637 2209 681 2256 fra·
748 2214 779 2254 22
797 2209 855 2263 Quis
866 2215 899 2254 est
907 2208 1008 2261 mendax,
1016 2207 1058 2254 nisi
1064 2208 1102 2268 qui
1111 2216 1177 2270 negat

220 2283 275 2323 irem
287 2291 350 2321 suum
362 2275 414 2330 odit,
426 2275 449 2320 in
460 2275 554 2320 tenebris
565 2283 599 2320 est
614 2290 682 2336 usque
715 2271 794 2322 Jesum
805 2289 854 2319 esse
868 2271 981 2320 Christum
998 2273 1076 2318 illum?
1093 2273 1128 2318 hic
1144 2282 1177 2318 est

219 2341 298 2386 adhue.
716 2338 863 2392 antichristus,
875 2337 912 2399 qui
923 2343 990 2398 negat
1000 2336 1097 2392 Patrem,
1106 2344 1128 2382 et
1138 2333 1177 2384 Fr-

253 2408 284 2450 10
310 2402 357 2457 Qut
377 2403 448 2464 diligit
463 2401 552 2448 fratrem
572 2417 643 2456 suum,
659 2402 682 2447 in
716 2400 776 2446 lium

219 2469 268 2514 luce
286 2474 368 2522 manet,
390 2475 413 2512 et
434 2467 589 2512 offendiculum
611 2465 633 2511 in
655 2481 682 2510 eo
749 2469 780 2510 25
797 2465 904 2525 Quisquis
913 2470 979 2526 negat
988 2463 1075 2517 Filium,
1084 2479 1124 2509 nec
1132 2462 1177 2509 Pa·

219 2538 315 2578 nonest.
715 2531 772 2574 trem
799 2529 877 2584 habet;
904 2529 942 2588 qui
968 2529 1068 2589 agnoscit
1097 2527 1176 2573 Filium

253 2597 279 2640 ll
300 2593 345 2648 Qui
357 2600 429 2640 autem
443 2593 489 2639 odit
504 2591 593 2639 fratrem
611 2607 682 2646 suum,
715 2593 782 2639 etiarn
795 2591 883 2638 Patrem
895 2593 966 2638 habet.

175 2663 184 2669 '
219 2658 242 2704 ln
253 2659 348 2704 tenebris
358 2665 399 2710 est,
410 2664 433 2702 et
443 2657 465 2701 in
485 2657 580 2702 tenebris
594 2657 682 2710 incedit,
748 2659 780 2700 24
797 2655 864 2709 Quod
876 2657 943 2716 igitur
954 2650 1177 2714 audivistisdprinci-

219 2731 241 2767 et
253 2722 322 2766 nescit
332 2736 376 2780 quo
387 2727 428 2772 eat,
440 2719 682 2779 quietenebraeoculos
715 2717 759 2780 pis,
767 2720 790 2764 in
798 2720 860 2764 vobis
868 2727 968 2765 maneat:
987 2719 1035 2764 siin
1045 2718 1177 2763 volvisman·

219 2785 286 2847 ipsius
296 2780 448 2830 obcaecdrunt,
715 2783 768 2828 serit
778 2783 837 2842 qnod
848 2783 962 2828 audivistis
977 2779 991 2827 d
1006 2782 1120 2843 principio,
1138 2795 1178 2826 vos

253 2853 283 2894 12
300 2848 376 2894 Scribo
398 2846 466 2899 vobis,
488 2844 555 2899 filioli,
577 2844 681 2904 quoniam
714 2861 802 2907 quoque
813 2847 834 2892 in
848 2846 904 2892 Filio
915 2855 938 2892 et
948 2845 1014 2892 Patre
1024 2845 1146 2891 manebitis.

220 2913 311 2959 remissa
331 2917 383 2958 sunt
405 2911 466 2956 volsis
487 2917 576 2971 peccata
592 2918 683 2972 propter
748 2913 778 2957 25
797 2909 860 2957 Haec
872 2919 944 2956 autern
961 2910 998 2955 illa
1012 2916 1047 2955 est
1062 2908 1177 2969 promissio

220 2991 300 3023 nomen
311 2976 366 3038 ejus.
714 2989 780 3035 quam
794 2974 840 3036 ipse
850 2974 959 3035 pollicitus
970 2981 1003 3018 est
1014 2973 1083 3027 nobis,
1099 2987 1178 3032 nempe

255 3043 284 3085 13
301 3039 377 3089 Scribo
396 3038 464 3092 vobis,
481 3045 560 3098 patres,
577 3037 682 3099 quoniam
716 3039 762 3084 vita
772 3038 809 3084 illa
819 3046 914 3083 aeterna.

221 3101 290 3150 aristis
300 3117 351 3150 eum
361 3099 532 3164 quidprincipio
543 3109 584 3148 εει
605 3101 682 3147 Scribo
748 3105 779 3148 26
797 3101 862 3147 Haec
879 3100 955 3161 scripsi
974 3099 1037 3146 vobis
1055 3099 1083 3145 de
1100 3099 1126 3146 iis
1141 3101 1177 3160 qul

221 3168 288 3221 vobis,
310 3167 465 3220 adolescentes,
482 3165 586 3226 quonism
599 3165 681 3211 malrun
716 3165 882 3211 seducuntvos.

220 3231 282 3276 allum
293 3231 384 3276 vicistis.
748 3232 779 3274 27
797 3228 841 3274 Sed
852 3227 926 3273 unctio
937 3241 1003 3286 quam
1014 3241 1055 3272 vos
1066 3227 1178 3288 accepistis

255 3298 283 3339 14
301 3294 377 3339 Scribo
389 3292 457 3344 vobis,
472 3291 563 3352 pueruli,
578 3292 682 3352 quoniam
716 3292 743 3338 ab
759 3307 794 3345 eo,
810 3291 925 3337 manetis
942 3291 1020 3346 vobis,
1038 3305 1079 3335 neo
1090 3305 1178 3337 necesse

221 3355 289 3404 aistis
300 3356 397 3404 Patrem.
431 3356 513 3416 Scripsi
524 3357 592 3410 vobis,
602 3363 682 3416 patres,
716 3356 800 3401 habetis
811 3362 836 3401 ut
846 3355 960 3414 quisquam
975 3354 1052 3400 doceat
1063 3369 1119 3399 vos:
1139 3369 1177 3399 ve·

221 3421 323 3481 quoniam
340 3419 409 3466 ndstis
425 3434 476 3464 eum
488 3419 524 3479 qui
540 3428 574 3465 est
591 3416 604 3464 l
620 3420 681 3479 prin·
717 3434 765 3464 rum
780 3419 836 3464 siout
847 3419 923 3464 eadem
940 3418 1015 3462 unctio
1026 3417 1090 3462 docet
1102 3433 1142 3463 vos
1153 3417 1176 3463 ds

222 3485 283 3546 ripis.
328 3484 410 3545 Scripsi
434 3482 502 3536 vobis,
526 3482 682 3536 adolescentes,
716 3482 823 3535 omnibus,
841 3497 901 3542 quoe
915 3492 938 3526 et
954 3496 1022 3526 verax
1039 3489 1078 3533 est,
1095 3489 1118 3525 ct
1134 3496 1179 3527 nos

223 3548 271 3608 auia
281 3547 350 3594 sortes
361 3548 420 3602 estis,
437 3554 460 3592 et
471 3547 561 3593 verbum
577 3545 622 3591 Dei
642 3546 681 3592 ha·
716 3546 825 3601 mendax3
842 3553 865 3591 et
876 3545 933 3591 siout
948 3545 1023 3590 docuit
1039 3560 1087 3598 vos,
1101 3559 1175 3604 nsano-

211 3612 307 3660 'stuata
318 3612 387 3665 vobis,
398 3619 422 3657 et
437 3611 520 3658 malum
537 3610 598 3656 illum
616 3610 681 3655 vicis·
716 3609 767 3656 bitis
778 3609 800 3654 in
812 3624 846 3655 eo.

223 3676 255 3721 is.
749 3676 780 3717 28
798 3671 866 3718 Nunc
876 3671 951 3732 igilur.
969 3669 1035 3724 filioli,
1052 3678 1140 3716 manete
1156 3670 1178 3716 irr

256 3740 283 3784 ιε
300 3734 339 3783 Ns
349 3734 433 3795 diligite
447 3735 562 3790 mundum,
573 3749 645 3796 neque
655 3750 683 3782 ea
716 3750 757 3782 eor
776 3742 800 3782 ιιι
811 3751 879 3796 quam
890 3733 1176 3784 oetelastussuerithalotr
