<?xml version="1.0" encoding="UTF-8"?>
<!DOCTYPE html PUBLIC "-//W3C//DTD XHTML 1.0 Transitional//EN"
    "http://www.w3.org/TR/xhtml1/DTD/xhtml1-transitional.dtd">
<html xmlns="http://www.w3.org/1999/xhtml" xml:lang="en" lang="en">
 <head>
  <title>
</title>
<meta http-equiv="Content-Type" content="text/html;charset=utf-8" />
  <meta name='ocr-system' content='tesseract 3.04.00' />
  <meta name='ocr-capabilities' content='ocr_page ocr_carea ocr_par ocr_line ocrx_word'/>
</head>
<body>
  <div class='ocr_page' id='page_1' title='image "./novumtestamentu03unkngoog/novumtestamentu03unkngoog_0095.png"; bbox 0 0 2756 4320; ppageno 0'>
   <div class='ocr_carea' id='block_1_1' title="bbox 548 399 763 458">
    <p class='ocr_par' dir='ltr' id='par_1_1' title="bbox 548 399 763 458">
     <span class='ocr_line' id='line_1_1' title="bbox 548 399 763 458; baseline 0.009 -10"><span class='ocrx_word' id='word_1_1' title='bbox 548 404 571 448; x_wconf 85' lang='lat' dir='ltr'>L</span> <span class='ocrx_word' id='word_1_2' title='bbox 581 399 665 458; x_wconf 81' lang='lat' dir='ltr'><strong>UCA,</strong></span> <span class='ocrx_word' id='word_1_3' title='bbox 688 400 763 450; x_wconf 86' lang='lat' dir='ltr'><strong>XIII.</strong></span> 
     </span>
    </p>
   </div>
   <div class='ocr_carea' id='block_1_2' title="bbox 118 505 1174 3760">
    <p class='ocr_par' dir='ltr' id='par_1_2' title="bbox 118 505 1174 3760">
     <span class='ocr_line' id='line_1_2' title="bbox 168 505 1127 562; baseline 0.004 -7"><span class='ocrx_word' id='word_1_4' title='bbox 168 507 267 562; x_wconf 70' lang='lat' dir='ltr'><strong>Drumiue,</strong></span> <span class='ocrx_word' id='word_1_5' title='bbox 288 506 337 554; x_wconf 80' lang='lat' dir='ltr'><strong>siue</strong></span> <span class='ocrx_word' id='word_1_6' title='bbox 356 521 407 552; x_wconf 85' lang='lat' dir='ltr'><strong>eam</strong></span> <span class='ocrx_word' id='word_1_7' title='bbox 424 507 492 554; x_wconf 89' lang='lat' dir='ltr'><strong>etiam</strong></span> <span class='ocrx_word' id='word_1_8' title='bbox 509 505 554 552; x_wconf 89' lang='lat' dir='ltr'><strong>hoe</strong></span> <span class='ocrx_word' id='word_1_9' title='bbox 570 520 635 562; x_wconf 83' lang='lat' dir='ltr'><strong>anuo,</strong></span> <span class='ocrx_word' id='word_1_10' title='bbox 664 505 702 552; x_wconf 87' lang='lat' dir='ltr'><strong>bes</strong></span> <span class='ocrx_word' id='word_1_11' title='bbox 721 518 744 552; x_wconf 91' lang='lat' dir='ltr'><strong>et</strong></span> <span class='ocrx_word' id='word_1_12' title='bbox 762 521 831 558; x_wconf 79' lang='lat' dir='ltr'><strong>viros,</strong></span> <span class='ocrx_word' id='word_1_13' title='bbox 851 507 933 554; x_wconf 76' lang='lat' dir='ltr'><strong>docens</strong></span> <span class='ocrx_word' id='word_1_14' title='bbox 950 515 974 555; x_wconf 87' lang='lat' dir='ltr'><strong>et</strong></span> <span class='ocrx_word' id='word_1_15' title='bbox 990 509 1031 555; x_wconf 88' lang='lat' dir='ltr'><strong>iter</strong></span> <span class='ocrx_word' id='word_1_16' title='bbox 1047 508 1127 560; x_wconf 70' lang='lat' dir='ltr'><strong>famem</strong></span> 
     </span>
     <span class='ocr_line' id='line_1_3' title="bbox 166 568 913 632; baseline 0 -16"><span class='ocrx_word' id='word_1_17' title='bbox 166 587 274 632; x_wconf 77' lang='lat' dir='ltr'><strong>usquequo</strong></span> <span class='ocrx_word' id='word_1_18' title='bbox 284 570 365 618; x_wconf 75' lang='lat' dir='ltr'><strong>fodero</strong></span> <span class='ocrx_word' id='word_1_19' title='bbox 374 571 526 626; x_wconf 79' lang='lat' dir='ltr'><strong>circumeam,</strong></span> <span class='ocrx_word' id='word_1_20' title='bbox 537 571 634 616; x_wconf 74' lang='lat' dir='ltr'><strong>etmise-</strong></span> <span class='ocrx_word' id='word_1_21' title='bbox 666 568 855 630; x_wconf 85' lang='lat' dir='ltr'><strong>Hierosolymam.</strong></span> <span class='ocrx_word' id='word_1_22' title='bbox 909 616 913 626; x_wconf 81' lang='grc'>,</span> 
     </span>
     <span class='ocr_line' id='line_1_4' title="bbox 167 634 1126 696; baseline 0.001 -14.036"><span class='ocrx_word' id='word_1_23' title='bbox 167 644 300 683; x_wconf 79' lang='lat' dir='ltr'><strong>rozstercus</strong></span> <span class='ocrx_word' id='word_1_24' title='bbox 697 637 728 680; x_wconf 79' lang='lat'><strong>23</strong></span> <span class='ocrx_word' id='word_1_25' title='bbox 746 619 1031 698; x_wconf 77' lang='lat' dir='ltr'><strong>Dirritautemeiquidam,</strong></span> <span class='ocrx_word' id='word_1_26' title='bbox 1047 636 1126 683; x_wconf 62' lang='lat' dir='ltr'><strong>Domi</strong></span> 
     </span>
     <span class='ocr_line' id='line_1_5' title="bbox 196 691 1127 772; baseline 0.003 -28"><span class='ocrx_word' id='word_1_27' title='bbox 196 699 260 747; x_wconf 87' lang='lat' dir='ltr'><strong>9Et</strong></span> <span class='ocrx_word' id='word_1_28' title='bbox 282 699 300 744; x_wconf 92' lang='lat' dir='ltr'><strong>si</strong></span> <span class='ocrx_word' id='word_1_29' title='bbox 323 699 415 772; x_wconf 82' lang='lat' dir='ltr'><strong>quidem</strong></span> <span class='ocrx_word' id='word_1_30' title='bbox 435 697 512 743; x_wconf 90' lang='lat' dir='ltr'><strong>tulerit</strong></span> <span class='ocrx_word' id='word_1_31' title='bbox 530 696 634 751; x_wconf 83' lang='lat' dir='ltr'><strong>fructum,</strong></span> <span class='ocrx_word' id='word_1_32' title='bbox 664 713 698 749; x_wconf 89' lang='lat' dir='ltr'><strong>ne,</strong></span> <span class='ocrx_word' id='word_1_33' title='bbox 719 713 771 744; x_wconf 88' lang='lat' dir='ltr'><strong>uum</strong></span> <span class='ocrx_word' id='word_1_34' title='bbox 788 691 851 759; x_wconf 82' lang='lat' dir='ltr'><strong>pauci</strong></span> <span class='ocrx_word' id='word_1_35' title='bbox 870 706 922 745; x_wconf 88' lang='lat' dir='ltr'><strong>sunt</strong></span> <span class='ocrx_word' id='word_1_36' title='bbox 938 701 974 762; x_wconf 91' lang='lat' dir='ltr'><strong>qui</strong></span> <span class='ocrx_word' id='word_1_37' title='bbox 980 701 1127 747; x_wconf 65' lang='lat' dir='ltr'><strong>seruentur?</strong></span> 
     </span>
     <span class='ocr_line' id='line_1_6' title="bbox 168 759 897 824; baseline -0.004 -14"><span class='ocrx_word' id='word_1_38' title='bbox 168 765 240 810; x_wconf 75' lang='lat' dir='ltr'><strong>rirnes</strong></span> <span class='ocrx_word' id='word_1_39' title='bbox 266 765 301 810; x_wconf 86' lang='lat' dir='ltr'><strong>sin</strong></span> <span class='ocrx_word' id='word_1_40' title='bbox 318 763 403 816; x_wconf 87' lang='lat' dir='ltr'><strong>minus,</strong></span> <span class='ocrx_word' id='word_1_41' title='bbox 423 769 503 824; x_wconf 87' lang='lat' dir='ltr'><strong>postea</strong></span> <span class='ocrx_word' id='word_1_42' title='bbox 520 762 635 808; x_wconf 76' lang='lat' dir='ltr'><strong>exscindet</strong></span> <span class='ocrx_word' id='word_1_43' title='bbox 668 759 897 822; x_wconf 76' lang='grc' dir='ltr'>1ριιιιιιι1ι111ι11εἰι,</span> 
     </span>
     <span class='ocr_line' id='line_1_7' title="bbox 168 825 1125 889; baseline 0.009 -24"><span class='ocrx_word' id='word_1_44' title='bbox 168 843 221 873; x_wconf 66' lang='lat' dir='ltr'><strong>eam,</strong></span> <span class='ocrx_word' id='word_1_45' title='bbox 696 829 728 870; x_wconf 75' lang='lat'><strong>24</strong></span> <span class='ocrx_word' id='word_1_46' title='bbox 746 825 896 876; x_wconf 88' lang='lat' dir='ltr'><strong>Contendite</strong></span> <span class='ocrx_word' id='word_1_47' title='bbox 891 833 972 873; x_wconf 82' lang='lat' dir='ltr'><strong>intrare</strong></span> <span class='ocrx_word' id='word_1_48' title='bbox 987 843 1027 889; x_wconf 90' lang='lat' dir='ltr'><strong>per</strong></span> <span class='ocrx_word' id='word_1_49' title='bbox 1044 843 1125 889; x_wconf 77' lang='lat' dir='ltr'><strong>angur-</strong></span> 
     </span>
     <span class='ocr_line' id='line_1_8' title="bbox 199 887 1125 951; baseline 0.002 -15"><span class='ocrx_word' id='word_1_50' title='bbox 199 895 229 936; x_wconf 92' lang='lat'>10</span> <span class='ocrx_word' id='word_1_51' title='bbox 245 893 262 951; x_wconf 60' lang='lat' dir='ltr'><strong>ff</strong></span> <span class='ocrx_word' id='word_1_52' title='bbox 277 890 383 937; x_wconf 85' lang='lat' dir='ltr'><strong>Docebat</strong></span> <span class='ocrx_word' id='word_1_53' title='bbox 402 889 503 936; x_wconf 84' lang='lat' dir='ltr'><strong>autem</strong></span> <span class='ocrx_word' id='word_1_54' title='bbox 497 905 520 935; x_wconf 91' lang='grc' dir='ltr'><strong>ιιι</strong></span> <span class='ocrx_word' id='word_1_55' title='bbox 540 887 632 950; x_wconf 71' lang='lat' dir='ltr'><strong>quidam</strong></span> <span class='ocrx_word' id='word_1_56' title='bbox 663 895 818 950; x_wconf 73' lang='grc' dir='ltr'>ιιιιιιροιιιιιιι</span> <span class='ocrx_word' id='word_1_57' title='bbox 843 891 895 950; x_wconf 88' lang='lat' dir='ltr'><strong>quia</strong></span> <span class='ocrx_word' id='word_1_58' title='bbox 910 891 980 946; x_wconf 91' lang='lat' dir='ltr'><strong>multi,</strong></span> <span class='ocrx_word' id='word_1_59' title='bbox 998 893 1047 938; x_wconf 92' lang='lat' dir='ltr'><strong>dico</strong></span> <span class='ocrx_word' id='word_1_60' title='bbox 1060 892 1125 948; x_wconf 61' lang='lat' dir='ltr'><strong>vobin</strong></span> 
     </span>
     <span class='ocr_line' id='line_1_9' title="bbox 167 952 1095 1016; baseline 0.001 -16"><span class='ocrx_word' id='word_1_61' title='bbox 167 952 284 1016; x_wconf 71' lang='lat' dir='ltr'><strong>synagogai</strong></span> <span class='ocrx_word' id='word_1_62' title='bbox 295 957 400 1000; x_wconf 85' lang='lat' dir='ltr'><strong>sabbato.</strong></span> <span class='ocrx_word' id='word_1_63' title='bbox 664 953 798 1000; x_wconf 80' lang='lat' dir='ltr'><strong>studebunt</strong></span> <span class='ocrx_word' id='word_1_64' title='bbox 792 961 880 1008; x_wconf 77' lang='lat' dir='ltr'><strong>intrare,</strong></span> <span class='ocrx_word' id='word_1_65' title='bbox 894 961 917 1000; x_wconf 91' lang='lat' dir='ltr'><strong>et</strong></span> <span class='ocrx_word' id='word_1_66' title='bbox 928 971 973 1000; x_wconf 90' lang='lat' dir='ltr'><strong>non</strong></span> <span class='ocrx_word' id='word_1_67' title='bbox 984 963 1095 1016; x_wconf 84' lang='lat' dir='ltr'><strong>potermrt</strong></span> 
     </span>
     <span class='ocr_line' id='line_1_10' title="bbox 201 1016 1127 1080; baseline 0.002 -16"><span class='ocrx_word' id='word_1_68' title='bbox 201 1023 227 1064; x_wconf 95' lang='lat'><strong>11</strong></span> <span class='ocrx_word' id='word_1_69' title='bbox 246 1019 280 1064; x_wconf 89' lang='lat' dir='ltr'><strong>Et</strong></span> <span class='ocrx_word' id='word_1_70' title='bbox 293 1034 352 1071; x_wconf 89' lang='lat' dir='ltr'><strong>ecce,</strong></span> <span class='ocrx_word' id='word_1_71' title='bbox 369 1017 450 1064; x_wconf 83' lang='lat' dir='ltr'><strong>muller</strong></span> <span class='ocrx_word' id='word_1_72' title='bbox 466 1016 536 1064; x_wconf 84' lang='lat' dir='ltr'><strong>adsuit</strong></span> <span class='ocrx_word' id='word_1_73' title='bbox 552 1017 635 1064; x_wconf 88' lang='lat' dir='ltr'><strong>habens</strong></span> <span class='ocrx_word' id='word_1_74' title='bbox 695 1019 727 1064; x_wconf 76' lang='lat'><strong>25</strong></span> <span class='ocrx_word' id='word_1_75' title='bbox 744 1017 783 1064; x_wconf 86' lang='lat' dir='ltr'><strong>Ex</strong></span> <span class='ocrx_word' id='word_1_76' title='bbox 794 1033 837 1078; x_wconf 91' lang='lat' dir='ltr'><strong>quo</strong></span> <span class='ocrx_word' id='word_1_77' title='bbox 848 1019 951 1064; x_wconf 80' lang='lat' dir='ltr'><strong>uidelicet</strong></span> <span class='ocrx_word' id='word_1_78' title='bbox 962 1031 1081 1064; x_wconf 79' lang='lat' dir='ltr'><strong>surrexerit</strong></span> <span class='ocrx_word' id='word_1_79' title='bbox 1089 1035 1127 1080; x_wconf 75' lang='lat' dir='ltr'><strong>pt·</strong></span> 
     </span>
     <span class='ocr_line' id='line_1_11' title="bbox 168 1079 1128 1144; baseline -0.002 -15"><span class='ocrx_word' id='word_1_80' title='bbox 168 1083 267 1144; x_wconf 85' lang='lat' dir='ltr'><strong>spmtum</strong></span> <span class='ocrx_word' id='word_1_81' title='bbox 275 1082 432 1128; x_wconf 76' lang='lat' dir='ltr'><strong>invaletudinis</strong></span> <span class='ocrx_word' id='word_1_82' title='bbox 443 1082 472 1126; x_wconf 87' lang='lat' dir='ltr'><strong>ab</strong></span> <span class='ocrx_word' id='word_1_83' title='bbox 483 1097 546 1126; x_wconf 89' lang='lat' dir='ltr'><strong>amus</strong></span> <span class='ocrx_word' id='word_1_84' title='bbox 557 1079 633 1128; x_wconf 86' lang='lat' dir='ltr'><strong>docem</strong></span> <span class='ocrx_word' id='word_1_85' title='bbox 663 1081 797 1134; x_wconf 84' lang='lat' dir='ltr'><strong>tersamilias,</strong></span> <span class='ocrx_word' id='word_1_86' title='bbox 819 1087 842 1126; x_wconf 89' lang='lat' dir='ltr'><strong>et</strong></span> <span class='ocrx_word' id='word_1_87' title='bbox 863 1081 980 1127; x_wconf 81' lang='lat' dir='ltr'>occluserit</span> <span class='ocrx_word' id='word_1_88' title='bbox 997 1083 1084 1138; x_wconf 85' lang='lat' dir='ltr'><strong>ostium,</strong></span> <span class='ocrx_word' id='word_1_89' title='bbox 1106 1091 1128 1131; x_wconf 62' lang='lat' dir='ltr'>a</span> 
     </span>
     <span class='ocr_line' id='line_1_12' title="bbox 168 1143 1128 1209; baseline -0.001 -16"><span class='ocrx_word' id='word_1_90' title='bbox 168 1153 266 1193; x_wconf 81' lang='lat' dir='ltr'><strong>etocto:</strong></span> <span class='ocrx_word' id='word_1_91' title='bbox 287 1154 378 1207; x_wconf 87' lang='lat' dir='ltr'><strong>eratque</strong></span> <span class='ocrx_word' id='word_1_92' title='bbox 386 1160 484 1200; x_wconf 82' lang='lat' dir='ltr'><strong>incurva,</strong></span> <span class='ocrx_word' id='word_1_93' title='bbox 494 1161 535 1190; x_wconf 91' lang='lat' dir='ltr'><strong>nec</strong></span> <span class='ocrx_word' id='word_1_94' title='bbox 544 1161 634 1209; x_wconf 88' lang='lat' dir='ltr'><strong>prorsus</strong></span> <span class='ocrx_word' id='word_1_95' title='bbox 663 1145 779 1206; x_wconf 76' lang='lat' dir='ltr'><strong>coepenus</strong></span> <span class='ocrx_word' id='word_1_96' title='bbox 789 1143 843 1190; x_wconf 82' lang='lat' dir='ltr'><strong>loris</strong></span> <span class='ocrx_word' id='word_1_97' title='bbox 854 1151 919 1198; x_wconf 87' lang='lat' dir='ltr'><strong>stare,</strong></span> <span class='ocrx_word' id='word_1_98' title='bbox 935 1153 958 1191; x_wconf 90' lang='lat' dir='ltr'><strong>et</strong></span> <span class='ocrx_word' id='word_1_99' title='bbox 971 1145 1058 1206; x_wconf 88' lang='lat' dir='ltr'><strong>pulsare</strong></span> <span class='ocrx_word' id='word_1_100' title='bbox 1074 1147 1128 1196; x_wconf 70' lang='lat' dir='ltr'><strong>osti-</strong></span> 
     </span>
     <span class='ocr_line' id='line_1_13' title="bbox 169 1208 1127 1270; baseline -0.002 -12"><span class='ocrx_word' id='word_1_101' title='bbox 169 1225 214 1258; x_wconf 77' lang='lat' dir='ltr'><strong>rere</strong></span> <span class='ocrx_word' id='word_1_102' title='bbox 223 1217 311 1270; x_wconf 88' lang='lat' dir='ltr'><strong>poterat</strong></span> <span class='ocrx_word' id='word_1_103' title='bbox 322 1224 447 1256; x_wconf 86' lang='lat' dir='ltr'><strong>recurvare.</strong></span> <span class='ocrx_word' id='word_1_104' title='bbox 664 1224 708 1262; x_wconf 91' lang='lat' dir='ltr'><strong>um,</strong></span> <span class='ocrx_word' id='word_1_105' title='bbox 721 1208 824 1262; x_wconf 87' lang='lat' dir='ltr'><strong>dicentes,</strong></span> <span class='ocrx_word' id='word_1_106' title='bbox 837 1208 944 1263; x_wconf 80' lang='lat' dir='ltr'><strong>Domine,</strong></span> <span class='ocrx_word' id='word_1_107' title='bbox 957 1208 1063 1264; x_wconf 85' lang='lat' dir='ltr'>Domine,</span> <span class='ocrx_word' id='word_1_108' title='bbox 1077 1226 1127 1270; x_wconf 83' lang='lat' dir='ltr'><strong>ape·</strong></span> 
     </span>
     <span class='ocr_line' id='line_1_14' title="bbox 202 1251 1127 1336; baseline 0.001 -17"><span class='ocrx_word' id='word_1_109' title='bbox 202 1251 492 1335; x_wconf 77' lang='lat' dir='ltr'><strong>12Ipamauten1Jesus</strong></span> <span class='ocrx_word' id='word_1_110' title='bbox 509 1273 578 1319; x_wconf 75' lang='lat' dir='ltr'><strong>visum</strong></span> <span class='ocrx_word' id='word_1_111' title='bbox 594 1272 633 1319; x_wconf 91' lang='lat' dir='ltr'><strong>ad-</strong></span> <span class='ocrx_word' id='word_1_112' title='bbox 664 1272 769 1318; x_wconf 87' lang='lat' dir='ltr'><strong>riuobis:</strong></span> <span class='ocrx_word' id='word_1_113' title='bbox 789 1287 825 1336; x_wconf 89' lang='lat' dir='ltr'><strong>qm</strong></span> <span class='ocrx_word' id='word_1_114' title='bbox 819 1273 972 1334; x_wconf 89' lang='lat' dir='ltr'><strong>&#39;respondens</strong></span> <span class='ocrx_word' id='word_1_115' title='bbox 986 1275 1044 1320; x_wconf 84' lang='lat' dir='ltr'><strong>dicet</strong></span> <span class='ocrx_word' id='word_1_116' title='bbox 1061 1275 1127 1328; x_wconf 80' lang='lat' dir='ltr'><strong>vobis,</strong></span> 
     </span>
     <span class='ocr_line' id='line_1_15' title="bbox 170 1335 937 1392; baseline -0.001 -9"><span class='ocrx_word' id='word_1_117' title='bbox 170 1338 263 1392; x_wconf 77' lang='lat' dir='ltr'><strong>vocarit,</strong></span> <span class='ocrx_word' id='word_1_118' title='bbox 280 1345 303 1384; x_wconf 89' lang='lat' dir='ltr'><strong>et</strong></span> <span class='ocrx_word' id='word_1_119' title='bbox 314 1339 407 1391; x_wconf 77' lang='lat' dir='ltr'><strong>duriter,</strong></span> <span class='ocrx_word' id='word_1_120' title='bbox 424 1337 515 1391; x_wconf 89' lang='lat' dir='ltr'><strong>Mulier,</strong></span> <span class='ocrx_word' id='word_1_121' title='bbox 528 1337 600 1384; x_wconf 87' lang='lat' dir='ltr'><strong>soluta</strong></span> <span class='ocrx_word' id='word_1_122' title='bbox 610 1352 635 1383; x_wconf 93' lang='lat' dir='ltr'><strong>es</strong></span> <span class='ocrx_word' id='word_1_123' title='bbox 664 1335 749 1382; x_wconf 85' lang='lat' dir='ltr'><strong>Nescio</strong></span> <span class='ocrx_word' id='word_1_124' title='bbox 759 1337 818 1382; x_wconf 88' lang='lat' dir='ltr'><strong>unde</strong></span> <span class='ocrx_word' id='word_1_125' title='bbox 829 1352 870 1383; x_wconf 86' lang='lat' dir='ltr'><strong>vos</strong></span> <span class='ocrx_word' id='word_1_126' title='bbox 883 1337 937 1382; x_wconf 85' lang='lat' dir='ltr'><strong>sitis.</strong></span> 
     </span>
     <span class='ocr_line' id='line_1_16' title="bbox 168 1399 1128 1463; baseline 0.001 -16"><span class='ocrx_word' id='word_1_127' title='bbox 168 1403 194 1447; x_wconf 81' lang='lat' dir='ltr'><strong>ab</strong></span> <span class='ocrx_word' id='word_1_128' title='bbox 204 1401 354 1448; x_wconf 81' lang='lat' dir='ltr'><strong>invaletudine</strong></span> <span class='ocrx_word' id='word_1_129' title='bbox 366 1399 411 1446; x_wconf 68' lang='lat' dir='ltr'><strong>tub.</strong></span> <span class='ocrx_word' id='word_1_130' title='bbox 696 1403 728 1446; x_wconf 77' lang='lat'><strong>26</strong></span> <span class='ocrx_word' id='word_1_131' title='bbox 744 1399 827 1446; x_wconf 88' lang='lat' dir='ltr'><strong>Tunc&#39;</strong></span> <span class='ocrx_word' id='word_1_132' title='bbox 821 1401 929 1463; x_wconf 79' lang='lat' dir='ltr'><strong>incipietis</strong></span> <span class='ocrx_word' id='word_1_133' title='bbox 940 1401 1019 1456; x_wconf 79' lang='lat' dir='ltr'>dicere,</span> <span class='ocrx_word' id='word_1_134' title='bbox 1032 1401 1128 1449; x_wconf 83' lang='lat' dir='ltr'><strong>Edinrus</strong></span> 
     </span>
     <span class='ocr_line' id='line_1_17' title="bbox 202 1464 1127 1540; baseline 0.004 -30"><span class='ocrx_word' id='word_1_135' title='bbox 202 1470 233 1510; x_wconf 85' lang='grc'><strong>15</strong></span> <span class='ocrx_word' id='word_1_136' title='bbox 250 1465 298 1512; x_wconf 86' lang='lat' dir='ltr'><strong>Et</strong></span> <span class='ocrx_word' id='word_1_137' title='bbox 292 1465 398 1526; x_wconf 76' lang='lat' dir='ltr'><strong>imposuit</strong></span> <span class='ocrx_word' id='word_1_138' title='bbox 412 1465 431 1511; x_wconf 87' lang='lat' dir='ltr'><strong>ei</strong></span> <span class='ocrx_word' id='word_1_139' title='bbox 449 1480 543 1512; x_wconf 73' lang='lat' dir='ltr'><strong>manus:</strong></span> <span class='ocrx_word' id='word_1_140' title='bbox 568 1473 591 1511; x_wconf 92' lang='lat' dir='ltr'><strong>et</strong></span> <span class='ocrx_word' id='word_1_141' title='bbox 606 1464 634 1510; x_wconf 87' lang='lat' dir='ltr'><strong>il·</strong></span> <span class='ocrx_word' id='word_1_142' title='bbox 664 1464 687 1510; x_wconf 93' lang='lat' dir='ltr'><strong>in</strong></span> <span class='ocrx_word' id='word_1_143' title='bbox 710 1464 741 1510; x_wconf 87' lang='lat' dir='ltr'><strong>tui</strong></span> <span class='ocrx_word' id='word_1_144' title='bbox 763 1473 889 1540; x_wconf 88' lang='lat' dir='ltr'><strong>conspectu,</strong></span> <span class='ocrx_word' id='word_1_145' title='bbox 912 1472 934 1512; x_wconf 86' lang='lat' dir='ltr'><strong>et</strong></span> <span class='ocrx_word' id='word_1_146' title='bbox 950 1467 1049 1522; x_wconf 83' lang='lat' dir='ltr'><strong>bibimus,</strong></span> <span class='ocrx_word' id='word_1_147' title='bbox 1067 1477 1089 1514; x_wconf 87' lang='lat' dir='ltr'><strong>et</strong></span> <span class='ocrx_word' id='word_1_148' title='bbox 1106 1468 1127 1514; x_wconf 91' lang='grc' dir='ltr'><strong>1ιι</strong></span> 
     </span>
     <span class='ocr_line' id='line_1_18' title="bbox 169 1528 945 1592; baseline -0.001 -16"><span class='ocrx_word' id='word_1_149' title='bbox 169 1529 211 1576; x_wconf 76' lang='lat' dir='ltr'><strong>teo</strong></span> <span class='ocrx_word' id='word_1_150' title='bbox 230 1539 328 1576; x_wconf 84' lang='lat' dir='ltr'><strong>surrecta</strong></span> <span class='ocrx_word' id='word_1_151' title='bbox 346 1536 414 1576; x_wconf 85' lang='lat' dir='ltr'><strong>estet</strong></span> <span class='ocrx_word' id='word_1_152' title='bbox 429 1528 566 1592; x_wconf 81' lang='lat' dir='ltr'><strong>glorificabat</strong></span> <span class='ocrx_word' id='word_1_153' title='bbox 583 1528 634 1576; x_wconf 87' lang='lat' dir='ltr'><strong>De·</strong></span> <span class='ocrx_word' id='word_1_154' title='bbox 664 1528 741 1589; x_wconf 80' lang='lat' dir='ltr'><strong>plateIs</strong></span> <span class='ocrx_word' id='word_1_155' title='bbox 753 1529 834 1574; x_wconf 89' lang='lat' dir='ltr'><strong>nostris</strong></span> <span class='ocrx_word' id='word_1_156' title='bbox 846 1530 945 1576; x_wconf 87' lang='lat' dir='ltr'><strong>docuisti.</strong></span> 
     </span>
     <span class='ocr_line' id='line_1_19' title="bbox 169 1591 1128 1648; baseline 0.001 -9"><span class='ocrx_word' id='word_1_157' title='bbox 169 1609 214 1639; x_wconf 89' lang='lat' dir='ltr'><strong>um.</strong></span> <span class='ocrx_word' id='word_1_158' title='bbox 697 1595 727 1640; x_wconf 79' lang='lat'><strong>27</strong></span> <span class='ocrx_word' id='word_1_159' title='bbox 744 1591 1128 1648; x_wconf 72' lang='lat' dir='ltr'><strong>EtdicetDicovobisnescioun·</strong></span> 
     </span>
     <span class='ocr_line' id='line_1_20' title="bbox 202 1655 1129 1718; baseline 0.005 -16"><span class='ocrx_word' id='word_1_160' title='bbox 202 1660 232 1702; x_wconf 84' lang='lat'>14</span> <span class='ocrx_word' id='word_1_161' title='bbox 248 1656 397 1718; x_wconf 71' lang='lat' dir='ltr'><strong>Respondens</strong></span> <span class='ocrx_word' id='word_1_162' title='bbox 416 1663 489 1703; x_wconf 85' lang='lat' dir='ltr'><strong>autern</strong></span> <span class='ocrx_word' id='word_1_163' title='bbox 511 1655 635 1718; x_wconf 75' lang='lat' dir='ltr'><strong>praefectus</strong></span> <span class='ocrx_word' id='word_1_164' title='bbox 664 1656 744 1703; x_wconf 78' lang='lat' dir='ltr'><strong>devos</strong></span> <span class='ocrx_word' id='word_1_165' title='bbox 758 1656 818 1702; x_wconf 87' lang='lat' dir='ltr'><strong>sitis:</strong></span> <span class='ocrx_word' id='word_1_166' title='bbox 845 1658 953 1704; x_wconf 77' lang='lat' dir='ltr'><strong>abscedite</strong></span> <span class='ocrx_word' id='word_1_167' title='bbox 970 1674 984 1704; x_wconf 87' lang='grc' dir='ltr'><strong>ιι</strong></span> <span class='ocrx_word' id='word_1_168' title='bbox 999 1674 1035 1704; x_wconf 86' lang='lat' dir='ltr'><strong>me</strong></span> <span class='ocrx_word' id='word_1_169' title='bbox 1051 1675 1129 1707; x_wconf 77' lang='lat' dir='ltr'><strong>omnes</strong></span> 
     </span>
     <span class='ocr_line' id='line_1_21' title="bbox 169 1718 1005 1785; baseline 0.002 -19"><span class='ocrx_word' id='word_1_170' title='bbox 169 1722 445 1798; x_wconf 80' lang='lat' dir='ltr'><strong>synagogae,ind1gnans</strong></span> <span class='ocrx_word' id='word_1_171' title='bbox 466 1718 525 1782; x_wconf 90' lang='lat' dir='ltr'><strong>qudd</strong></span> <span class='ocrx_word' id='word_1_172' title='bbox 547 1721 636 1768; x_wconf 78' lang='lat' dir='ltr'><strong>subbato</strong></span> <span class='ocrx_word' id='word_1_173' title='bbox 664 1735 701 1781; x_wconf 88' lang='lat' dir='ltr'><strong>qm</strong></span> <span class='ocrx_word' id='word_1_174' title='bbox 695 1720 768 1768; x_wconf 82' lang='lat' dir='ltr'><strong>datis</strong></span> <span class='ocrx_word' id='word_1_175' title='bbox 780 1737 868 1782; x_wconf 87' lang='lat' dir='ltr'><strong>operam</strong></span> <span class='ocrx_word' id='word_1_176' title='bbox 879 1723 1005 1784; x_wconf 78' lang='lat' dir='ltr'><strong>mJustruae</strong></span> 
     </span>
     <span class='ocr_line' id='line_1_22' title="bbox 168 1782 1128 1840; baseline 0.001 -9"><span class='ocrx_word' id='word_1_177' title='bbox 168 1783 268 1831; x_wconf 80' lang='lat' dir='ltr'><strong>sanasset</strong></span> <span class='ocrx_word' id='word_1_178' title='bbox 279 1785 353 1838; x_wconf 89' lang='lat' dir='ltr'><strong>Jesus,</strong></span> <span class='ocrx_word' id='word_1_179' title='bbox 370 1785 426 1830; x_wconf 72' lang='lat' dir='ltr'><strong>dlxii</strong></span> <span class='ocrx_word' id='word_1_180' title='bbox 437 1786 518 1840; x_wconf 79' lang='lat' dir='ltr'><strong>turbae,</strong></span> <span class='ocrx_word' id='word_1_181' title='bbox 532 1785 578 1830; x_wconf 85' lang='lat' dir='ltr'><strong>Sex</strong></span> <span class='ocrx_word' id='word_1_182' title='bbox 589 1785 636 1830; x_wconf 87' lang='lat' dir='ltr'><strong>dies</strong></span> <span class='ocrx_word' id='word_1_183' title='bbox 697 1787 728 1830; x_wconf 79' lang='lat'><strong>28</strong></span> <span class='ocrx_word' id='word_1_184' title='bbox 745 1782 794 1829; x_wconf 87' lang='lat' dir='ltr'><strong>Illic</strong></span> <span class='ocrx_word' id='word_1_185' title='bbox 805 1786 846 1829; x_wconf 89' lang='lat' dir='ltr'><strong>erit</strong></span> <span class='ocrx_word' id='word_1_186' title='bbox 858 1785 930 1839; x_wconf 87' lang='lat' dir='ltr'><strong>fletus,</strong></span> <span class='ocrx_word' id='word_1_187' title='bbox 947 1792 969 1830; x_wconf 85' lang='lat' dir='ltr'><strong>et</strong></span> <span class='ocrx_word' id='word_1_188' title='bbox 983 1785 1063 1832; x_wconf 87' lang='lat' dir='ltr'><strong>stridor</strong></span> <span class='ocrx_word' id='word_1_189' title='bbox 1074 1785 1128 1832; x_wconf 84' lang='lat' dir='ltr'><strong>den·</strong></span> 
     </span>
     <span class='ocr_line' id='line_1_23' title="bbox 169 1845 1129 1910; baseline 0.001 -16"><span class='ocrx_word' id='word_1_190' title='bbox 169 1857 220 1894; x_wconf 86' lang='lat' dir='ltr'><strong>sunt</strong></span> <span class='ocrx_word' id='word_1_191' title='bbox 229 1849 307 1908; x_wconf 88' lang='lat' dir='ltr'><strong>quibus</strong></span> <span class='ocrx_word' id='word_1_192' title='bbox 319 1856 407 1910; x_wconf 80' lang='lat' dir='ltr'><strong>oportet</strong></span> <span class='ocrx_word' id='word_1_193' title='bbox 418 1849 516 1910; x_wconf 85' lang='lat' dir='ltr'><strong>operari:</strong></span> <span class='ocrx_word' id='word_1_194' title='bbox 535 1849 569 1894; x_wconf 90' lang='lat' dir='ltr'><strong>bis</strong></span> <span class='ocrx_word' id='word_1_195' title='bbox 580 1864 635 1908; x_wconf 89' lang='lat' dir='ltr'><strong>ergo</strong></span> <span class='ocrx_word' id='word_1_196' title='bbox 664 1845 727 1902; x_wconf 90' lang='lat' dir='ltr'><strong>tium,</strong></span> <span class='ocrx_word' id='word_1_197' title='bbox 744 1863 811 1908; x_wconf 93' lang='lat' dir='ltr'><strong>quum</strong></span> <span class='ocrx_word' id='word_1_198' title='bbox 823 1849 921 1894; x_wconf 86' lang='lat' dir='ltr'><strong>videritis</strong></span> <span class='ocrx_word' id='word_1_199' title='bbox 932 1848 1090 1902; x_wconf 81' lang='lat' dir='ltr'><strong>Abrahamum,</strong></span> <span class='ocrx_word' id='word_1_200' title='bbox 1107 1861 1129 1896; x_wconf 86' lang='lat' dir='ltr'><strong>et</strong></span> 
     </span>
     <span class='ocr_line' id='line_1_24' title="bbox 168 1909 1128 1972; baseline 0 -14"><span class='ocrx_word' id='word_1_201' title='bbox 168 1913 248 1959; x_wconf 77' lang='lat' dir='ltr'><strong>drebus</strong></span> <span class='ocrx_word' id='word_1_202' title='bbox 259 1913 331 1958; x_wconf 82' lang='lat' dir='ltr'><strong>venite</strong></span> <span class='ocrx_word' id='word_1_203' title='bbox 342 1921 365 1959; x_wconf 89' lang='lat' dir='ltr'><strong>et</strong></span> <span class='ocrx_word' id='word_1_204' title='bbox 376 1926 490 1967; x_wconf 82' lang='lat' dir='ltr'><strong>curamtm</strong></span> <span class='ocrx_word' id='word_1_205' title='bbox 508 1921 530 1958; x_wconf 89' lang='lat' dir='ltr'><strong>et</strong></span> <span class='ocrx_word' id='word_1_206' title='bbox 543 1927 588 1958; x_wconf 90' lang='lat' dir='ltr'><strong>uon</strong></span> <span class='ocrx_word' id='word_1_207' title='bbox 600 1913 635 1960; x_wconf 88' lang='lat' dir='ltr'><strong>dre</strong></span> <span class='ocrx_word' id='word_1_208' title='bbox 666 1909 774 1964; x_wconf 83' lang='lat' dir='ltr'><strong>isaacum,</strong></span> <span class='ocrx_word' id='word_1_209' title='bbox 786 1918 809 1957; x_wconf 90' lang='lat' dir='ltr'><strong>et</strong></span> <span class='ocrx_word' id='word_1_210' title='bbox 819 1910 935 1965; x_wconf 86' lang='lat' dir='ltr'><strong>Jacobum</strong></span> <span class='ocrx_word' id='word_1_211' title='bbox 952 1919 976 1957; x_wconf 86' lang='lat' dir='ltr'><strong>et</strong></span> <span class='ocrx_word' id='word_1_212' title='bbox 989 1927 1066 1958; x_wconf 86' lang='lat' dir='ltr'><strong>omues</strong></span> <span class='ocrx_word' id='word_1_213' title='bbox 1076 1927 1128 1972; x_wconf 88' lang='lat' dir='ltr'><strong>pro·</strong></span> 
     </span>
     <span class='ocr_line' id='line_1_25' title="bbox 169 1974 1129 2039; baseline -0.002 -16"><span class='ocrx_word' id='word_1_214' title='bbox 169 1977 259 2023; x_wconf 84' lang='lat' dir='ltr'><strong>sabbati.</strong></span> <span class='ocrx_word' id='word_1_215' title='bbox 665 1975 758 2036; x_wconf 81' lang='lat' dir='ltr'><strong>phetas</strong></span> <span class='ocrx_word' id='word_1_216' title='bbox 752 1989 775 2020; x_wconf 89' lang='grc' dir='ltr'><strong>ιιι</strong></span> <span class='ocrx_word' id='word_1_217' title='bbox 787 1991 857 2038; x_wconf 83' lang='lat' dir='ltr'><strong>regno</strong></span> <span class='ocrx_word' id='word_1_218' title='bbox 869 1974 922 2032; x_wconf 87' lang='lat' dir='ltr'><strong>Dei,</strong></span> <span class='ocrx_word' id='word_1_219' title='bbox 939 1991 980 2022; x_wconf 86' lang='lat' dir='ltr'><strong>vos</strong></span> <span class='ocrx_word' id='word_1_220' title='bbox 997 1981 1070 2022; x_wconf 86' lang='lat' dir='ltr'><strong>autem</strong></span> <span class='ocrx_word' id='word_1_221' title='bbox 1081 1976 1129 2039; x_wconf 80' lang='lat' dir='ltr'><strong>ejici</strong></span> 
     </span>
     <span class='ocr_line' id='line_1_26' title="bbox 204 2038 730 2102; baseline -0.002 -17"><span class='ocrx_word' id='word_1_222' title='bbox 204 2043 234 2086; x_wconf 83' lang='lat'>15</span> <span class='ocrx_word' id='word_1_223' title='bbox 250 2039 376 2100; x_wconf 86' lang='lat' dir='ltr'><strong>Respondit</strong></span> <span class='ocrx_word' id='word_1_224' title='bbox 387 2055 442 2102; x_wconf 84' lang='lat' dir='ltr'><strong>ergo</strong></span> <span class='ocrx_word' id='word_1_225' title='bbox 450 2055 471 2086; x_wconf 87' lang='lat' dir='ltr'><strong>er</strong></span> <span class='ocrx_word' id='word_1_226' title='bbox 464 2039 601 2093; x_wconf 90' lang='lat' dir='ltr'><strong>Dominus,</strong></span> <span class='ocrx_word' id='word_1_227' title='bbox 613 2045 636 2086; x_wconf 88' lang='lat' dir='ltr'><strong>et</strong></span> <span class='ocrx_word' id='word_1_228' title='bbox 664 2038 730 2085; x_wconf 82' lang='lat' dir='ltr'><strong>foras.</strong></span> 
     </span>
     <span class='ocr_line' id='line_1_27' title="bbox 169 2101 1129 2166; baseline 0 -16"><span class='ocrx_word' id='word_1_229' title='bbox 169 2104 230 2158; x_wconf 84' lang='lat' dir='ltr'><strong>dixit,</strong></span> <span class='ocrx_word' id='word_1_230' title='bbox 255 2102 388 2166; x_wconf 85' lang='lat' dir='ltr'><strong>Hypocrita,</strong></span> <span class='ocrx_word' id='word_1_231' title='bbox 413 2105 562 2166; x_wconf 87' lang='lat' dir='ltr'><strong>unusquisque</strong></span> <span class='ocrx_word' id='word_1_232' title='bbox 584 2119 635 2150; x_wconf 85' lang='lat' dir='ltr'><strong>ves·</strong></span> <span class='ocrx_word' id='word_1_233' title='bbox 697 2108 728 2151; x_wconf 80' lang='lat'><strong>29</strong></span> <span class='ocrx_word' id='word_1_234' title='bbox 744 2101 810 2150; x_wconf 91' lang='lat' dir='ltr'><strong>Tunc</strong></span> <span class='ocrx_word' id='word_1_235' title='bbox 826 2104 916 2151; x_wconf 82' lang='lat' dir='ltr'><strong>renent</strong></span> <span class='ocrx_word' id='word_1_236' title='bbox 926 2105 1027 2151; x_wconf 72' lang='lat' dir='ltr'><strong>hommes</strong></span> <span class='ocrx_word' id='word_1_237' title='bbox 1038 2105 1064 2150; x_wconf 85' lang='lat' dir='ltr'><strong>ab</strong></span> <span class='ocrx_word' id='word_1_238' title='bbox 1076 2103 1129 2150; x_wconf 87' lang='lat' dir='ltr'><strong>On</strong></span> 
     </span>
     <span class='ocr_line' id='line_1_28' title="bbox 170 2168 1129 2222; baseline 0.001 -9"><span class='ocrx_word' id='word_1_239' title='bbox 170 2169 229 2213; x_wconf 88' lang='lat' dir='ltr'><strong>rrum</strong></span> <span class='ocrx_word' id='word_1_240' title='bbox 240 2169 329 2214; x_wconf 86' lang='lat' dir='ltr'><strong>sabbato</strong></span> <span class='ocrx_word' id='word_1_241' title='bbox 341 2183 416 2214; x_wconf 89' lang='lat' dir='ltr'><strong>nonne</strong></span> <span class='ocrx_word' id='word_1_242' title='bbox 427 2169 493 2214; x_wconf 89' lang='lat' dir='ltr'><strong>solvit</strong></span> <span class='ocrx_word' id='word_1_243' title='bbox 503 2169 583 2214; x_wconf 85' lang='lat' dir='ltr'><strong>bovem</strong></span> <span class='ocrx_word' id='word_1_244' title='bbox 597 2183 635 2213; x_wconf 89' lang='lat' dir='ltr'><strong>su·</strong></span> <span class='ocrx_word' id='word_1_245' title='bbox 664 2175 721 2222; x_wconf 82' lang='lat' dir='ltr'><strong>ente,</strong></span> <span class='ocrx_word' id='word_1_246' title='bbox 733 2175 756 2214; x_wconf 90' lang='lat' dir='ltr'><strong>et</strong></span> <span class='ocrx_word' id='word_1_247' title='bbox 768 2169 895 2222; x_wconf 86' lang='lat' dir='ltr'><strong>Occidente,</strong></span> <span class='ocrx_word' id='word_1_248' title='bbox 907 2176 930 2215; x_wconf 88' lang='lat' dir='ltr'><strong>et</strong></span> <span class='ocrx_word' id='word_1_249' title='bbox 941 2168 1021 2222; x_wconf 83' lang='lat' dir='ltr'><strong>Borea,</strong></span> <span class='ocrx_word' id='word_1_250' title='bbox 1033 2175 1056 2214; x_wconf 92' lang='lat' dir='ltr'><strong>et</strong></span> <span class='ocrx_word' id='word_1_251' title='bbox 1068 2169 1129 2214; x_wconf 89' lang='lat' dir='ltr'><strong>Aus-</strong></span> 
     </span>
     <span class='ocr_line' id='line_1_29' title="bbox 170 2231 1069 2294; baseline 0.001 -18"><span class='ocrx_word' id='word_1_252' title='bbox 170 2247 207 2277; x_wconf 90' lang='lat' dir='ltr'><strong>um</strong></span> <span class='ocrx_word' id='word_1_253' title='bbox 228 2239 267 2278; x_wconf 90' lang='lat' dir='ltr'><strong>aut</strong></span> <span class='ocrx_word' id='word_1_254' title='bbox 283 2233 368 2278; x_wconf 75' lang='lat' dir='ltr'><strong>asinum</strong></span> <span class='ocrx_word' id='word_1_255' title='bbox 386 2232 520 2294; x_wconf 81' lang='lat' dir='ltr'><strong>apraesepi,</strong></span> <span class='ocrx_word' id='word_1_256' title='bbox 537 2239 560 2278; x_wconf 88' lang='lat' dir='ltr'><strong>et</strong></span> <span class='ocrx_word' id='word_1_257' title='bbox 576 2232 637 2278; x_wconf 87' lang='lat' dir='ltr'><strong>ducit</strong></span> <span class='ocrx_word' id='word_1_258' title='bbox 664 2238 706 2284; x_wconf 87' lang='lat' dir='ltr'><strong>tro,</strong></span> <span class='ocrx_word' id='word_1_259' title='bbox 718 2238 740 2278; x_wconf 87' lang='lat' dir='ltr'><strong>et</strong></span> <span class='ocrx_word' id='word_1_260' title='bbox 751 2232 903 2278; x_wconf 82' lang='lat' dir='ltr'><strong>discumbent</strong></span> <span class='ocrx_word' id='word_1_261' title='bbox 898 2248 921 2277; x_wconf 93' lang='lat' dir='ltr'><strong>m</strong></span> <span class='ocrx_word' id='word_1_262' title='bbox 933 2248 1003 2292; x_wconf 85' lang='lat' dir='ltr'><strong>regno</strong></span> <span class='ocrx_word' id='word_1_263' title='bbox 1016 2231 1069 2278; x_wconf 89' lang='lat' dir='ltr'><strong>Dei.</strong></span> 
     </span>
     <span class='ocr_line' id='line_1_30' title="bbox 168 2291 1131 2356; baseline 0.001 -15"><span class='ocrx_word' id='word_1_264' title='bbox 168 2291 291 2356; x_wconf 75' lang='lat' dir='ltr'><strong>aquatum?</strong></span> <span class='ocrx_word' id='word_1_265' title='bbox 695 2299 728 2340; x_wconf 92' lang='grc'><strong>50</strong></span> <span class='ocrx_word' id='word_1_266' title='bbox 745 2294 777 2340; x_wconf 89' lang='grc' dir='ltr'><strong>Ει</strong></span> <span class='ocrx_word' id='word_1_267' title='bbox 793 2310 851 2348; x_wconf 88' lang='lat' dir='ltr'><strong>ecce,</strong></span> <span class='ocrx_word' id='word_1_268' title='bbox 868 2301 921 2340; x_wconf 90' lang='lat' dir='ltr'><strong>suut</strong></span> <span class='ocrx_word' id='word_1_269' title='bbox 936 2295 1006 2340; x_wconf 86' lang='lat' dir='ltr'><strong>ultimi</strong></span> <span class='ocrx_word' id='word_1_270' title='bbox 1018 2297 1054 2356; x_wconf 86' lang='lat' dir='ltr'><strong>qui</strong></span> <span class='ocrx_word' id='word_1_271' title='bbox 1066 2305 1131 2342; x_wconf 88' lang='lat' dir='ltr'><strong>eruut</strong></span> 
     </span>
     <span class='ocr_line' id='line_1_31' title="bbox 203 2358 1132 2420; baseline -0.005 -16"><span class='ocrx_word' id='word_1_272' title='bbox 203 2363 233 2406; x_wconf 88' lang='lat'><strong>16</strong></span> <span class='ocrx_word' id='word_1_273' title='bbox 252 2359 319 2406; x_wconf 90' lang='lat' dir='ltr'><strong>Hanc</strong></span> <span class='ocrx_word' id='word_1_274' title='bbox 332 2368 406 2406; x_wconf 83' lang='lat' dir='ltr'><strong>autem</strong></span> <span class='ocrx_word' id='word_1_275' title='bbox 423 2359 491 2406; x_wconf 78' lang='lat' dir='ltr'><strong>filium</strong></span> <span class='ocrx_word' id='word_1_276' title='bbox 508 2359 635 2414; x_wconf 75' lang='lat' dir='ltr'><strong>Abrahami,</strong></span> <span class='ocrx_word' id='word_1_277' title='bbox 664 2358 736 2420; x_wconf 90' lang='lat' dir='ltr'><strong>primi,</strong></span> <span class='ocrx_word' id='word_1_278' title='bbox 752 2368 776 2404; x_wconf 87' lang='lat' dir='ltr'><strong>et</strong></span> <span class='ocrx_word' id='word_1_279' title='bbox 792 2365 842 2404; x_wconf 90' lang='lat' dir='ltr'><strong>suut</strong></span> <span class='ocrx_word' id='word_1_280' title='bbox 859 2358 924 2418; x_wconf 89' lang='lat' dir='ltr'><strong>primi</strong></span> <span class='ocrx_word' id='word_1_281' title='bbox 940 2359 977 2419; x_wconf 90' lang='lat' dir='ltr'><strong>qui</strong></span> <span class='ocrx_word' id='word_1_282' title='bbox 994 2366 1060 2404; x_wconf 88' lang='lat' dir='ltr'><strong>erunt</strong></span> <span class='ocrx_word' id='word_1_283' title='bbox 1078 2359 1132 2404; x_wconf 84' lang='lat' dir='ltr'><strong>ulti.</strong></span> 
     </span>
     <span class='ocr_line' id='line_1_32' title="bbox 169 2423 703 2484; baseline -0.002 -15"><span class='ocrx_word' id='word_1_284' title='bbox 169 2439 235 2484; x_wconf 82' lang='lat' dir='ltr'><strong>quam</strong></span> <span class='ocrx_word' id='word_1_285' title='bbox 253 2424 356 2470; x_wconf 85' lang='lat' dir='ltr'><strong>vinxerat</strong></span> <span class='ocrx_word' id='word_1_286' title='bbox 373 2423 472 2477; x_wconf 82' lang='lat' dir='ltr'><strong>Satanas,</strong></span> <span class='ocrx_word' id='word_1_287' title='bbox 484 2439 542 2477; x_wconf 90' lang='lat' dir='ltr'><strong>ecce,</strong></span> <span class='ocrx_word' id='word_1_288' title='bbox 560 2425 636 2470; x_wconf 89' lang='lat' dir='ltr'><strong>decem</strong></span> <span class='ocrx_word' id='word_1_289' title='bbox 665 2423 703 2468; x_wconf 84' lang='lat' dir='ltr'><strong>ml.</strong></span> 
     </span>
     <span class='ocr_line' id='line_1_33' title="bbox 169 2485 1152 2548; baseline -0.002 -16"><span class='ocrx_word' id='word_1_290' title='bbox 169 2494 192 2532; x_wconf 90' lang='lat' dir='ltr'><strong>et</strong></span> <span class='ocrx_word' id='word_1_291' title='bbox 202 2494 254 2533; x_wconf 92' lang='lat' dir='ltr'><strong>octo</strong></span> <span class='ocrx_word' id='word_1_292' title='bbox 266 2503 342 2541; x_wconf 86' lang='lat' dir='ltr'><strong>annos,</strong></span> <span class='ocrx_word' id='word_1_293' title='bbox 357 2503 402 2532; x_wconf 91' lang='lat' dir='ltr'><strong>nou</strong></span> <span class='ocrx_word' id='word_1_294' title='bbox 414 2488 512 2548; x_wconf 86' lang='lat' dir='ltr'><strong>oportuit</strong></span> <span class='ocrx_word' id='word_1_295' title='bbox 523 2487 636 2534; x_wconf 74' lang='lat' dir='ltr'><strong>avincula</strong></span> <span class='ocrx_word' id='word_1_296' title='bbox 698 2489 727 2532; x_wconf 93' lang='grc'><strong>51</strong></span> <span class='ocrx_word' id='word_1_297' title='bbox 746 2488 764 2546; x_wconf 77' lang='grc'><strong>1</strong></span> <span class='ocrx_word' id='word_1_298' title='bbox 775 2485 812 2532; x_wconf 89' lang='grc' dir='ltr'><strong>Εο</strong></span> <span class='ocrx_word' id='word_1_299' title='bbox 823 2485 871 2546; x_wconf 89' lang='lat' dir='ltr'><strong>ipso</strong></span> <span class='ocrx_word' id='word_1_300' title='bbox 882 2485 917 2530; x_wconf 89' lang='lat' dir='ltr'><strong>die</strong></span> <span class='ocrx_word' id='word_1_301' title='bbox 928 2492 1068 2531; x_wconf 84' lang='lat' dir='ltr'><strong>accesserunt</strong></span> <span class='ocrx_word' id='word_1_302' title='bbox 1081 2486 1130 2546; x_wconf 90' lang='lat' dir='ltr'><strong>qui·</strong></span> <span class='ocrx_word' id='word_1_303' title='bbox 1150 2526 1152 2529; x_wconf 78' lang='grc'>,</span> 
     </span>
     <span class='ocr_line' id='line_1_34' title="bbox 169 2549 1131 2604; baseline 0 -8"><span class='ocrx_word' id='word_1_304' title='bbox 169 2551 211 2596; x_wconf 87' lang='lat' dir='ltr'><strong>isto</strong></span> <span class='ocrx_word' id='word_1_305' title='bbox 223 2551 279 2598; x_wconf 88' lang='lat' dir='ltr'><strong>solvi</strong></span> <span class='ocrx_word' id='word_1_306' title='bbox 291 2551 326 2596; x_wconf 88' lang='lat' dir='ltr'><strong>die</strong></span> <span class='ocrx_word' id='word_1_307' title='bbox 338 2551 437 2598; x_wconf 81' lang='lat' dir='ltr'><strong>sabbati?</strong></span> <span class='ocrx_word' id='word_1_308' title='bbox 666 2550 717 2596; x_wconf 84' lang='lat' dir='ltr'><strong>dam</strong></span> <span class='ocrx_word' id='word_1_309' title='bbox 730 2549 848 2602; x_wconf 74' lang='lat' dir='ltr'><strong>Pharisaei</strong></span> <span class='ocrx_word' id='word_1_310' title='bbox 867 2550 970 2603; x_wconf 68' lang='lat' dir='ltr'><strong>diceutes</strong></span> <span class='ocrx_word' id='word_1_311' title='bbox 989 2549 1041 2604; x_wconf 84' lang='lat' dir='ltr'><strong>Exi,</strong></span> <span class='ocrx_word' id='word_1_312' title='bbox 1058 2557 1081 2595; x_wconf 93' lang='lat' dir='ltr'><strong>et</strong></span> <span class='ocrx_word' id='word_1_313' title='bbox 1097 2551 1131 2596; x_wconf 86' lang='lat' dir='ltr'><strong>abi</strong></span> 
     </span>
     <span class='ocr_line' id='line_1_35' title="bbox 203 2613 1130 2677; baseline 0.001 -18"><span class='ocrx_word' id='word_1_314' title='bbox 203 2617 232 2662; x_wconf 88' lang='lat'><strong>17</strong></span> <span class='ocrx_word' id='word_1_315' title='bbox 249 2615 283 2661; x_wconf 84' lang='lat' dir='ltr'><strong>Et</strong></span> <span class='ocrx_word' id='word_1_316' title='bbox 294 2631 362 2674; x_wconf 93' lang='lat' dir='ltr'><strong>quum</strong></span> <span class='ocrx_word' id='word_1_317' title='bbox 377 2616 431 2662; x_wconf 88' lang='lat' dir='ltr'><strong>haec</strong></span> <span class='ocrx_word' id='word_1_318' title='bbox 448 2615 536 2670; x_wconf 88' lang='lat' dir='ltr'><strong>diceret,</strong></span> <span class='ocrx_word' id='word_1_319' title='bbox 552 2615 637 2677; x_wconf 89' lang='lat' dir='ltr'><strong>pudore</strong></span> <span class='ocrx_word' id='word_1_320' title='bbox 666 2614 734 2672; x_wconf 87' lang='lat' dir='ltr'><strong>binc,</strong></span> <span class='ocrx_word' id='word_1_321' title='bbox 758 2630 808 2661; x_wconf 88' lang='lat' dir='ltr'><strong>nam</strong></span> <span class='ocrx_word' id='word_1_322' title='bbox 826 2613 930 2660; x_wconf 90' lang='lat' dir='ltr'><strong>Herodes</strong></span> <span class='ocrx_word' id='word_1_323' title='bbox 950 2613 997 2660; x_wconf 83' lang='lat' dir='ltr'><strong>vult</strong></span> <span class='ocrx_word' id='word_1_324' title='bbox 1019 2621 1041 2662; x_wconf 85' lang='lat' dir='ltr'><strong>te</strong></span> <span class='ocrx_word' id='word_1_325' title='bbox 1063 2615 1130 2660; x_wconf 90' lang='lat' dir='ltr'><strong>truci</strong></span> 
     </span>
     <span class='ocr_line' id='line_1_36' title="bbox 170 2679 726 2758; baseline 0.002 -34"><span class='ocrx_word' id='word_1_326' title='bbox 170 2679 319 2724; x_wconf 80' lang='lat' dir='ltr'><strong>afficiebantur</strong></span> <span class='ocrx_word' id='word_1_327' title='bbox 342 2694 420 2724; x_wconf 89' lang='lat' dir='ltr'><strong>omnes</strong></span> <span class='ocrx_word' id='word_1_328' title='bbox 422 2680 514 2758; x_wconf 89' lang='lat' dir='ltr'><strong>quise</strong></span> <span class='ocrx_word' id='word_1_329' title='bbox 538 2694 637 2740; x_wconf 86' lang='lat' dir='ltr'><strong>oppone·</strong></span> <span class='ocrx_word' id='word_1_330' title='bbox 666 2679 726 2726; x_wconf 87' lang='lat' dir='ltr'><strong>dare.</strong></span> 
     </span>
     <span class='ocr_line' id='line_1_37' title="bbox 169 2739 1131 2804; baseline 0 -14"><span class='ocrx_word' id='word_1_331' title='bbox 169 2741 222 2790; x_wconf 71' lang='lat' dir='ltr'><strong>baut</strong></span> <span class='ocrx_word' id='word_1_332' title='bbox 241 2743 279 2790; x_wconf 79' lang='lat' dir='ltr'><strong>ei:</strong></span> <span class='ocrx_word' id='word_1_333' title='bbox 311 2747 359 2788; x_wconf 84' lang='lat' dir='ltr'><strong>tota</strong></span> <span class='ocrx_word' id='word_1_334' title='bbox 377 2739 431 2789; x_wconf 81' lang='lat' dir='ltr'><strong>verd</strong></span> <span class='ocrx_word' id='word_1_335' title='bbox 450 2743 513 2789; x_wconf 88' lang='lat' dir='ltr'><strong>turba</strong></span> <span class='ocrx_word' id='word_1_336' title='bbox 529 2744 639 2804; x_wconf 83' lang='lat' dir='ltr'><strong>gaudebat</strong></span> <span class='ocrx_word' id='word_1_337' title='bbox 698 2747 730 2788; x_wconf 78' lang='lat'><strong>52</strong></span> <span class='ocrx_word' id='word_1_338' title='bbox 746 2742 892 2798; x_wconf 83' lang='lat' dir='ltr'><strong>Tuueaiteis,</strong></span> <span class='ocrx_word' id='word_1_339' title='bbox 904 2741 1131 2794; x_wconf 87' lang='lat' dir='ltr'><strong>Profectidicitevul·</strong></span> 
     </span>
     <span class='ocr_line' id='line_1_38' title="bbox 172 2807 1131 2870; baseline 0.003 -19"><span class='ocrx_word' id='word_1_340' title='bbox 172 2821 237 2866; x_wconf 77' lang='lat' dir='ltr'><strong>super</strong></span> <span class='ocrx_word' id='word_1_341' title='bbox 253 2807 356 2852; x_wconf 90' lang='lat' dir='ltr'><strong>omnibus</strong></span> <span class='ocrx_word' id='word_1_342' title='bbox 371 2807 475 2868; x_wconf 85' lang='lat' dir='ltr'><strong>gloriosis</strong></span> <span class='ocrx_word' id='word_1_343' title='bbox 493 2808 564 2863; x_wconf 91' lang='lat' dir='ltr'><strong>rebus,</strong></span> <span class='ocrx_word' id='word_1_344' title='bbox 581 2821 637 2868; x_wconf 90' lang='lat' dir='ltr'><strong>quae</strong></span> <span class='ocrx_word' id='word_1_345' title='bbox 666 2807 688 2869; x_wconf 91' lang='lat' dir='ltr'><strong>pi</strong></span> <span class='ocrx_word' id='word_1_346' title='bbox 700 2809 742 2863; x_wconf 88' lang='lat' dir='ltr'><strong>isti,</strong></span> <span class='ocrx_word' id='word_1_347' title='bbox 752 2807 851 2862; x_wconf 71' lang='lat' dir='ltr'><strong>Ecce&#39;</strong></span> <span class='ocrx_word' id='word_1_348' title='bbox 832 2809 916 2870; x_wconf 88' lang='lat' dir='ltr'><strong>eJiciam</strong></span> <span class='ocrx_word' id='word_1_349' title='bbox 928 2809 1049 2863; x_wconf 85' lang='lat' dir='ltr'><strong>daemonia,</strong></span> <span class='ocrx_word' id='word_1_350' title='bbox 1061 2815 1085 2854; x_wconf 92' lang='lat' dir='ltr'><strong>et</strong></span> <span class='ocrx_word' id='word_1_351' title='bbox 1095 2823 1131 2854; x_wconf 85' lang='lat' dir='ltr'><strong>sa-</strong></span> 
     </span>
     <span class='ocr_line' id='line_1_39' title="bbox 171 2868 1132 2933; baseline 0.002 -18"><span class='ocrx_word' id='word_1_352' title='bbox 171 2868 335 2917; x_wconf 83' lang='lat' dir='ltr'><strong>fiebantabeo.</strong></span> <span class='ocrx_word' id='word_1_353' title='bbox 666 2873 766 2918; x_wconf 81' lang='lat' dir='ltr'><strong>nationes</strong></span> <span class='ocrx_word' id='word_1_354' title='bbox 777 2888 880 2933; x_wconf 89' lang='lat' dir='ltr'><strong>peragam</strong></span> <span class='ocrx_word' id='word_1_355' title='bbox 891 2873 957 2918; x_wconf 80' lang='lat' dir='ltr'><strong>hodie</strong></span> <span class='ocrx_word' id='word_1_356' title='bbox 967 2880 991 2919; x_wconf 91' lang='lat' dir='ltr'><strong>et</strong></span> <span class='ocrx_word' id='word_1_357' title='bbox 1002 2887 1067 2919; x_wconf 84' lang='lat' dir='ltr'><strong>cras</strong></span> <span class='ocrx_word' id='word_1_358' title='bbox 1086 2878 1132 2918; x_wconf 86' lang='lat' dir='ltr'><strong>ter·</strong></span> 
     </span>
     <span class='ocr_line' id='line_1_40' title="bbox 206 2931 1077 2995; baseline 0.002 -16"><span class='ocrx_word' id='word_1_359' title='bbox 206 2937 235 2980; x_wconf 84' lang='lat'>18</span> <span class='ocrx_word' id='word_1_360' title='bbox 250 2933 423 2995; x_wconf 65' lang='lat' dir='ltr'><strong>{Dixitautem</strong></span> <span class='ocrx_word' id='word_1_361' title='bbox 432 2935 503 2989; x_wconf 65' lang='lat' dir='ltr'><strong>,Iesus</strong></span> <span class='ocrx_word' id='word_1_362' title='bbox 514 2931 557 2982; x_wconf 85' lang='lat' dir='ltr'><strong>Cur</strong></span> <span class='ocrx_word' id='word_1_363' title='bbox 567 2949 597 2980; x_wconf 82' lang='lat' dir='ltr'><strong>rer</strong></span> <span class='ocrx_word' id='word_1_364' title='bbox 607 2950 637 2980; x_wconf 87' lang='lat' dir='ltr'><strong>sr</strong></span> <span class='ocrx_word' id='word_1_365' title='bbox 666 2933 697 2981; x_wconf 84' lang='lat' dir='ltr'><strong>tra</strong></span> <span class='ocrx_word' id='word_1_366' title='bbox 707 2943 781 2982; x_wconf 86' lang='lat' dir='ltr'><strong>autern</strong></span> <span class='ocrx_word' id='word_1_367' title='bbox 793 2936 828 2981; x_wconf 91' lang='lat' dir='ltr'><strong>die</strong></span> <span class='ocrx_word' id='word_1_368' title='bbox 843 2937 1019 2982; x_wconf 81' lang='lat' dir='ltr'><strong>consummabor.</strong></span> <span class='ocrx_word' id='word_1_369' title='bbox 1072 2945 1077 2954; x_wconf 86' lang='lat'><strong>·</strong></span> 
     </span>
     <span class='ocr_line' id='line_1_41' title="bbox 172 2997 1174 3060; baseline -0.002 -18"><span class='ocrx_word' id='word_1_370' title='bbox 172 2997 266 3044; x_wconf 79' lang='lat' dir='ltr'><strong>mileest</strong></span> <span class='ocrx_word' id='word_1_371' title='bbox 275 3013 369 3060; x_wconf 84' lang='lat' dir='ltr'><strong>regnum</strong></span> <span class='ocrx_word' id='word_1_372' title='bbox 378 2998 431 3053; x_wconf 93' lang='lat' dir='ltr'><strong>Dei,</strong></span> <span class='ocrx_word' id='word_1_373' title='bbox 444 3009 466 3045; x_wconf 91' lang='lat' dir='ltr'><strong>et</strong></span> <span class='ocrx_word' id='word_1_374' title='bbox 474 3014 509 3045; x_wconf 89' lang='lat' dir='ltr'><strong>cm</strong></span> <span class='ocrx_word' id='word_1_375' title='bbox 503 2999 571 3044; x_wconf 84' lang='lat' dir='ltr'><strong>utud</strong></span> <span class='ocrx_word' id='word_1_376' title='bbox 582 2999 637 3045; x_wconf 86' lang='lat' dir='ltr'><strong>assi·</strong></span> <span class='ocrx_word' id='word_1_377' title='bbox 661 3003 731 3044; x_wconf 91' lang='grc'><strong>55</strong></span> <span class='ocrx_word' id='word_1_378' title='bbox 747 2998 900 3044; x_wconf 86' lang='lat' dir='ltr'><strong>Veruntamen</strong></span> <span class='ocrx_word' id='word_1_379' title='bbox 912 3007 999 3059; x_wconf 84' lang='lat' dir='ltr'><strong>oportet</strong></span> <span class='ocrx_word' id='word_1_380' title='bbox 1014 3013 1051 3042; x_wconf 92' lang='lat' dir='ltr'><strong>me</strong></span> <span class='ocrx_word' id='word_1_381' title='bbox 1067 2997 1132 3044; x_wconf 78' lang='lat' dir='ltr'><strong>hodIe</strong></span> <span class='ocrx_word' id='word_1_382' title='bbox 1171 3036 1174 3040; x_wconf 28' lang='lat' dir='ltr'><em>f</em></span> 
     </span>
     <span class='ocr_line' id='line_1_42' title="bbox 175 3061 1133 3121; baseline -0.001 -14"><span class='ocrx_word' id='word_1_383' title='bbox 175 3061 273 3108; x_wconf 82' lang='lat' dir='ltr'><strong>milabo?</strong></span> <span class='ocrx_word' id='word_1_384' title='bbox 666 3070 689 3109; x_wconf 88' lang='lat' dir='ltr'><strong>et</strong></span> <span class='ocrx_word' id='word_1_385' title='bbox 699 3077 754 3115; x_wconf 83' lang='lat' dir='ltr'><strong>cras,</strong></span> <span class='ocrx_word' id='word_1_386' title='bbox 768 3068 790 3107; x_wconf 88' lang='lat' dir='ltr'><strong>et</strong></span> <span class='ocrx_word' id='word_1_387' title='bbox 801 3061 911 3121; x_wconf 86' lang='lat' dir='ltr'><strong>perendie,</strong></span> <span class='ocrx_word' id='word_1_388' title='bbox 927 3062 969 3106; x_wconf 87' lang='lat' dir='ltr'><strong>iter</strong></span> <span class='ocrx_word' id='word_1_389' title='bbox 979 3061 1063 3106; x_wconf 81' lang='lat' dir='ltr'><strong>facere:</strong></span> <span class='ocrx_word' id='word_1_390' title='bbox 1082 3061 1133 3119; x_wconf 84' lang='lat' dir='ltr'><strong>quia</strong></span> 
     </span>
     <span class='ocr_line' id='line_1_43' title="bbox 206 3124 1133 3187; baseline -0.002 -17"><span class='ocrx_word' id='word_1_391' title='bbox 206 3129 236 3173; x_wconf 88' lang='lat'><strong>19</strong></span> <span class='ocrx_word' id='word_1_392' title='bbox 253 3125 331 3172; x_wconf 84' lang='lat' dir='ltr'><strong>Simile</strong></span> <span class='ocrx_word' id='word_1_393' title='bbox 341 3133 376 3172; x_wconf 93' lang='lat' dir='ltr'><strong>est</strong></span> <span class='ocrx_word' id='word_1_394' title='bbox 386 3141 457 3186; x_wconf 84' lang='lat' dir='ltr'><strong>grano</strong></span> <span class='ocrx_word' id='word_1_395' title='bbox 474 3126 561 3187; x_wconf 89' lang='lat' dir='ltr'><strong>sinapis,</strong></span> <span class='ocrx_word' id='word_1_396' title='bbox 578 3127 638 3187; x_wconf 89' lang='lat' dir='ltr'><strong>quod</strong></span> <span class='ocrx_word' id='word_1_397' title='bbox 666 3141 712 3172; x_wconf 87' lang='lat' dir='ltr'><strong>non</strong></span> <span class='ocrx_word' id='word_1_398' title='bbox 723 3124 832 3184; x_wconf 85' lang='lat' dir='ltr'><strong>contingit</strong></span> <span class='ocrx_word' id='word_1_399' title='bbox 844 3131 868 3168; x_wconf 93' lang='lat' dir='ltr'><strong>ut</strong></span> <span class='ocrx_word' id='word_1_400' title='bbox 880 3124 987 3184; x_wconf 85' lang='lat' dir='ltr'><strong>propheta</strong></span> <span class='ocrx_word' id='word_1_401' title='bbox 1002 3129 1077 3184; x_wconf 86' lang='lat' dir='ltr'><strong>pereat</strong></span> <span class='ocrx_word' id='word_1_402' title='bbox 1093 3138 1133 3168; x_wconf 84' lang='lat' dir='ltr'><strong>ex·</strong></span> 
     </span>
     <span class='ocr_line' id='line_1_44' title="bbox 172 3187 873 3250; baseline -0.006 -15"><span class='ocrx_word' id='word_1_403' title='bbox 172 3195 286 3250; x_wconf 75' lang='lat' dir='ltr'><strong>acceptum</strong></span> <span class='ocrx_word' id='word_1_404' title='bbox 308 3191 416 3250; x_wconf 83' lang='lat' dir='ltr'><strong>quispiam</strong></span> <span class='ocrx_word' id='word_1_405' title='bbox 433 3190 493 3236; x_wconf 89' lang='lat' dir='ltr'><strong>misit</strong></span> <span class='ocrx_word' id='word_1_406' title='bbox 508 3191 532 3236; x_wconf 91' lang='lat' dir='ltr'><strong>in</strong></span> <span class='ocrx_word' id='word_1_407' title='bbox 549 3191 637 3236; x_wconf 86' lang='lat' dir='ltr'><strong>hortum</strong></span> <span class='ocrx_word' id='word_1_408' title='bbox 667 3196 702 3234; x_wconf 87' lang='lat' dir='ltr'><strong>tra</strong></span> <span class='ocrx_word' id='word_1_409' title='bbox 713 3187 873 3234; x_wconf 81' lang='lat' dir='ltr'><strong>Hierusalem</strong></span> 
     </span>
     <span class='ocr_line' id='line_1_45' title="bbox 173 3249 1131 3310; baseline -0.002 -12"><span class='ocrx_word' id='word_1_410' title='bbox 173 3268 249 3310; x_wconf 83' lang='lat' dir='ltr'><strong>suum;</strong></span> <span class='ocrx_word' id='word_1_411' title='bbox 266 3261 290 3300; x_wconf 89' lang='lat' dir='ltr'><strong>et</strong></span> <span class='ocrx_word' id='word_1_412' title='bbox 300 3255 377 3307; x_wconf 80' lang='lat' dir='ltr'><strong>erent,</strong></span> <span class='ocrx_word' id='word_1_413' title='bbox 389 3254 508 3300; x_wconf 85' lang='lat' dir='ltr'><strong>etevasit&#39;</strong></span> <span class='ocrx_word' id='word_1_414' title='bbox 503 3269 525 3300; x_wconf 90' lang='grc' dir='ltr'><strong>ιιι</strong></span> <span class='ocrx_word' id='word_1_415' title='bbox 537 3255 637 3300; x_wconf 85' lang='lat' dir='ltr'><strong>arborem</strong></span> <span class='ocrx_word' id='word_1_416' title='bbox 698 3256 731 3300; x_wconf 84' lang='grc'><strong>54</strong></span> <span class='ocrx_word' id='word_1_417' title='bbox 748 3250 897 3304; x_wconf 81' lang='lat' dir='ltr'><strong>Hierusalem,</strong></span> <span class='ocrx_word' id='word_1_418' title='bbox 907 3249 1056 3303; x_wconf 85' lang='lat' dir='ltr'><strong>Hiemsalem,</strong></span> <span class='ocrx_word' id='word_1_419' title='bbox 1065 3256 1131 3296; x_wconf 82' lang='lat' dir='ltr'><strong>truci·</strong></span> 
     </span>
     <span class='ocr_line' id='line_1_46' title="bbox 118 3313 1129 3395; baseline -0.001 -32"><span class='ocrx_word' id='word_1_420' title='bbox 118 3319 122 3324; x_wconf 83' lang='lat'>&#39;</span> <span class='ocrx_word' id='word_1_421' title='bbox 173 3329 288 3395; x_wconf 35' lang='lat' dir='ltr'><strong>magnam,</strong></span> <span class='ocrx_word' id='word_1_422' title='bbox 300 3324 323 3364; x_wconf 87' lang='lat' dir='ltr'><strong>et</strong></span> <span class='ocrx_word' id='word_1_423' title='bbox 339 3317 441 3366; x_wconf 83' lang='lat' dir='ltr'><strong>volucres</strong></span> <span class='ocrx_word' id='word_1_424' title='bbox 457 3319 513 3364; x_wconf 85' lang='lat' dir='ltr'><strong>coeli</strong></span> <span class='ocrx_word' id='word_1_425' title='bbox 528 3317 638 3364; x_wconf 87' lang='lat' dir='ltr'><strong>uidulatae</strong></span> <span class='ocrx_word' id='word_1_426' title='bbox 667 3317 739 3363; x_wconf 81' lang='lat' dir='ltr'><strong>datrix</strong></span> <span class='ocrx_word' id='word_1_427' title='bbox 749 3315 911 3377; x_wconf 88' lang='lat' dir='ltr'><strong>prophetarum</strong></span> <span class='ocrx_word' id='word_1_428' title='bbox 929 3320 952 3361; x_wconf 85' lang='lat' dir='ltr'><strong>et</strong></span> <span class='ocrx_word' id='word_1_429' title='bbox 965 3313 1129 3374; x_wconf 83' lang='lat' dir='ltr'><strong>lapidatrixeo·</strong></span> 
     </span>
     <span class='ocr_line' id='line_1_47' title="bbox 174 3377 1119 3443; baseline -0.002 -17"><span class='ocrx_word' id='word_1_430' title='bbox 174 3387 225 3426; x_wconf 87' lang='lat' dir='ltr'><strong>tunt</strong></span> <span class='ocrx_word' id='word_1_431' title='bbox 234 3381 257 3427; x_wconf 92' lang='lat' dir='ltr'><strong>in</strong></span> <span class='ocrx_word' id='word_1_432' title='bbox 269 3383 316 3443; x_wconf 86' lang='lat' dir='ltr'><strong>eJ&#39;us</strong></span> <span class='ocrx_word' id='word_1_433' title='bbox 328 3383 402 3428; x_wconf 86' lang='lat' dir='ltr'><strong>ramis.</strong></span> <span class='ocrx_word' id='word_1_434' title='bbox 668 3396 717 3427; x_wconf 90' lang='lat' dir='ltr'><strong>rum</strong></span> <span class='ocrx_word' id='word_1_435' title='bbox 728 3396 765 3441; x_wconf 86' lang='lat' dir='ltr'><strong>qur</strong></span> <span class='ocrx_word' id='word_1_436' title='bbox 759 3380 804 3426; x_wconf 81' lang='lat' dir='ltr'><strong>&#39;ad</strong></span> <span class='ocrx_word' id='word_1_437' title='bbox 815 3387 837 3425; x_wconf 88' lang='lat' dir='ltr'><strong>te</strong></span> <span class='ocrx_word' id='word_1_438' title='bbox 848 3379 908 3424; x_wconf 89' lang='lat' dir='ltr'><strong>missi</strong></span> <span class='ocrx_word' id='word_1_439' title='bbox 920 3385 978 3432; x_wconf 76' lang='lat' dir='ltr'><strong>suut,</strong></span> <span class='ocrx_word' id='word_1_440' title='bbox 992 3377 1078 3437; x_wconf 88' lang='lat' dir='ltr'><strong>quoties</strong></span> <span class='ocrx_word' id='word_1_441' title='bbox 1091 3395 1119 3424; x_wconf 93' lang='grc' dir='ltr'><strong>ιο</strong></span> 
     </span>
     <span class='ocr_line' id='line_1_48' title="bbox 205 3443 1131 3506; baseline -0.002 -16"><span class='ocrx_word' id='word_1_442' title='bbox 205 3448 236 3490; x_wconf 74' lang='lat'><strong>20</strong></span> <span class='ocrx_word' id='word_1_443' title='bbox 253 3443 286 3491; x_wconf 87' lang='lat' dir='ltr'><strong>Et</strong></span> <span class='ocrx_word' id='word_1_444' title='bbox 297 3461 384 3490; x_wconf 86' lang='lat' dir='ltr'><strong>rursum</strong></span> <span class='ocrx_word' id='word_1_445' title='bbox 397 3445 458 3500; x_wconf 83' lang='lat' dir='ltr'><strong>dixit,</strong></span> <span class='ocrx_word' id='word_1_446' title='bbox 477 3443 520 3493; x_wconf 87' lang='lat' dir='ltr'><strong>Cui</strong></span> <span class='ocrx_word' id='word_1_447' title='bbox 537 3446 573 3492; x_wconf 83' lang='lat' dir='ltr'><strong>rei</strong></span> <span class='ocrx_word' id='word_1_448' title='bbox 583 3444 637 3491; x_wconf 88' lang='lat' dir='ltr'><strong>assi·</strong></span> <span class='ocrx_word' id='word_1_449' title='bbox 667 3445 698 3492; x_wconf 73' lang='lat' dir='ltr'><strong>lu!</strong></span> <span class='ocrx_word' id='word_1_450' title='bbox 691 3459 847 3506; x_wconf 85' lang='lat' dir='ltr'><strong>congregare</strong></span> <span class='ocrx_word' id='word_1_451' title='bbox 857 3443 936 3488; x_wconf 88' lang='lat' dir='ltr'><strong>liberos</strong></span> <span class='ocrx_word' id='word_1_452' title='bbox 952 3449 1008 3496; x_wconf 91' lang='lat' dir='ltr'><strong>tuos,</strong></span> <span class='ocrx_word' id='word_1_453' title='bbox 1026 3443 1131 3501; x_wconf 88' lang='lat' dir='ltr'><strong>quemad-</strong></span> 
     </span>
     <span class='ocr_line' id='line_1_49' title="bbox 176 3506 1135 3569; baseline 0.002 -17"><span class='ocrx_word' id='word_1_454' title='bbox 176 3507 252 3554; x_wconf 79' lang='lat' dir='ltr'><strong>nilabo</strong></span> <span class='ocrx_word' id='word_1_455' title='bbox 264 3523 359 3569; x_wconf 84' lang='lat' dir='ltr'><strong>regnum</strong></span> <span class='ocrx_word' id='word_1_456' title='bbox 371 3508 436 3555; x_wconf 78' lang='lat' dir='ltr'><strong>Der?</strong></span> <span class='ocrx_word' id='word_1_457' title='bbox 667 3509 758 3554; x_wconf 92' lang='lat' dir='ltr'><strong>modurn</strong></span> <span class='ocrx_word' id='word_1_458' title='bbox 777 3507 860 3568; x_wconf 85' lang='lat' dir='ltr'><strong>gallina</strong></span> <span class='ocrx_word' id='word_1_459' title='bbox 880 3506 987 3568; x_wconf 90' lang='lat' dir='ltr'><strong>pullitiem</strong></span> <span class='ocrx_word' id='word_1_460' title='bbox 1010 3521 1071 3552; x_wconf 79' lang='lat' dir='ltr'><strong>sumn</strong></span> <span class='ocrx_word' id='word_1_461' title='bbox 1091 3510 1135 3554; x_wconf 88' lang='lat' dir='ltr'><strong>sub</strong></span> 
     </span>
     <span class='ocr_line' id='line_1_50' title="bbox 205 3569 885 3632; baseline -0.003 -16"><span class='ocrx_word' id='word_1_462' title='bbox 205 3576 233 3617; x_wconf 81' lang='lat'>21</span> <span class='ocrx_word' id='word_1_463' title='bbox 253 3571 331 3618; x_wconf 89' lang='lat' dir='ltr'><strong>Simile</strong></span> <span class='ocrx_word' id='word_1_464' title='bbox 341 3579 376 3619; x_wconf 84' lang='lat' dir='ltr'><strong>est</strong></span> <span class='ocrx_word' id='word_1_465' title='bbox 392 3572 507 3624; x_wconf 82' lang='lat' dir='ltr'><strong>fermento,</strong></span> <span class='ocrx_word' id='word_1_466' title='bbox 525 3571 583 3632; x_wconf 87' lang='lat' dir='ltr'><strong>quod</strong></span> <span class='ocrx_word' id='word_1_467' title='bbox 601 3586 638 3617; x_wconf 86' lang='lat' dir='ltr'><strong>ae·</strong></span> <span class='ocrx_word' id='word_1_468' title='bbox 668 3573 720 3625; x_wconf 83' lang='lat' dir='ltr'><strong>alas,</strong></span> <span class='ocrx_word' id='word_1_469' title='bbox 732 3579 755 3618; x_wconf 90' lang='lat' dir='ltr'><strong>et</strong></span> <span class='ocrx_word' id='word_1_470' title='bbox 765 3569 885 3617; x_wconf 79' lang='lat' dir='ltr'><strong>uoluistis?</strong></span> 
     </span>
     <span class='ocr_line' id='line_1_51' title="bbox 118 3632 1134 3696; baseline 0.005 -16"><span class='ocrx_word' id='word_1_471' title='bbox 118 3661 123 3670; x_wconf 89' lang='lat'>·</span> <span class='ocrx_word' id='word_1_472' title='bbox 175 3647 260 3696; x_wconf 64' lang='lat' dir='ltr'><strong>ceptum</strong></span> <span class='ocrx_word' id='word_1_473' title='bbox 273 3637 354 3682; x_wconf 86' lang='lat' dir='ltr'><strong>mulier</strong></span> <span class='ocrx_word' id='word_1_474' title='bbox 370 3635 448 3682; x_wconf 85' lang='lat' dir='ltr'><strong>indidit</strong></span> <span class='ocrx_word' id='word_1_475' title='bbox 464 3637 487 3682; x_wconf 86' lang='lat' dir='ltr'><strong>in</strong></span> <span class='ocrx_word' id='word_1_476' title='bbox 504 3635 587 3682; x_wconf 81' lang='lat' dir='ltr'><strong>sannae</strong></span> <span class='ocrx_word' id='word_1_477' title='bbox 603 3650 639 3681; x_wconf 81' lang='lat' dir='ltr'><strong>sa-</strong></span> <span class='ocrx_word' id='word_1_478' title='bbox 700 3637 732 3682; x_wconf 78' lang='lat'><strong>35</strong></span> <span class='ocrx_word' id='word_1_479' title='bbox 749 3635 817 3688; x_wconf 81' lang='lat' dir='ltr'><strong>Ecce,</strong></span> <span class='ocrx_word' id='word_1_480' title='bbox 834 3632 962 3694; x_wconf 83' lang='lat' dir='ltr'><strong>relinquitur</strong></span> <span class='ocrx_word' id='word_1_481' title='bbox 978 3633 1040 3680; x_wconf 81' lang='lat' dir='ltr'><strong>vobis</strong></span> <span class='ocrx_word' id='word_1_482' title='bbox 1056 3633 1134 3685; x_wconf 86' lang='lat' dir='ltr'><strong>domm</strong></span> 
     </span>
     <span class='ocr_line' id='line_1_52' title="bbox 175 3697 1134 3760; baseline 0.001 -16"><span class='ocrx_word' id='word_1_483' title='bbox 175 3713 196 3745; x_wconf 85' lang='lat' dir='ltr'><strong>ra</strong></span> <span class='ocrx_word' id='word_1_484' title='bbox 206 3699 253 3753; x_wconf 82' lang='lat' dir='ltr'><strong>tu&#39;a,</strong></span> <span class='ocrx_word' id='word_1_485' title='bbox 265 3715 380 3760; x_wconf 89' lang='lat' dir='ltr'><strong>usquequo</strong></span> <span class='ocrx_word' id='word_1_486' title='bbox 390 3699 560 3746; x_wconf 87' lang='lat' dir='ltr'><strong>fermentaretur</strong></span> <span class='ocrx_word' id='word_1_487' title='bbox 570 3705 624 3744; x_wconf 88' lang='lat' dir='ltr'><strong>tota.</strong></span> <span class='ocrx_word' id='word_1_488' title='bbox 669 3705 743 3746; x_wconf 80' lang='lat' dir='ltr'><strong>vestra</strong></span> <span class='ocrx_word' id='word_1_489' title='bbox 757 3699 849 3744; x_wconf 77' lang='lat' dir='ltr'><strong>deserta</strong></span> <span class='ocrx_word' id='word_1_490' title='bbox 894 3697 968 3744; x_wconf 84' lang='lat' dir='ltr'><strong>Amen</strong></span> <span class='ocrx_word' id='word_1_491' title='bbox 990 3705 1064 3745; x_wconf 79' lang='lat' dir='ltr'><strong>nutem</strong></span> <span class='ocrx_word' id='word_1_492' title='bbox 1085 3699 1134 3746; x_wconf 88' lang='lat' dir='ltr'><strong>dico</strong></span> 
     </span>
    </p>
   </div>
   <div class='ocr_carea' id='block_1_3' title="bbox 206 3761 1133 3870">
    <p class='ocr_par' dir='ltr' id='par_1_3' title="bbox 206 3761 1133 3870">
     <span class='ocr_line' id='line_1_53' title="bbox 206 3761 1133 3870; baseline 0.001 -63"><span class='ocrx_word' id='word_1_493' title='bbox 206 3766 238 3810; x_wconf 79' lang='lat'><strong>22</strong></span> <span class='ocrx_word' id='word_1_494' title='bbox 254 3767 270 3825; x_wconf 73' lang='grc'><strong>1</strong></span> <span class='ocrx_word' id='word_1_495' title='bbox 281 3761 595 3870; x_wconf 56' lang='lat' dir='ltr'><strong>Peragrabastggitursmgulas</strong></span> <span class='ocrx_word' id='word_1_496' title='bbox 602 3778 639 3808; x_wconf 92' lang='lat' dir='ltr'><strong>ur·</strong></span> <span class='ocrx_word' id='word_1_497' title='bbox 669 3763 738 3818; x_wconf 87' lang='lat' dir='ltr'><strong>vobis,</strong></span> <span class='ocrx_word' id='word_1_498' title='bbox 760 3777 806 3810; x_wconf 91' lang='lat' dir='ltr'><strong>non</strong></span> <span class='ocrx_word' id='word_1_499' title='bbox 827 3762 927 3809; x_wconf 86' lang='lat' dir='ltr'><strong>videbitis</strong></span> <span class='ocrx_word' id='word_1_500' title='bbox 948 3777 991 3817; x_wconf 89' lang='lat' dir='ltr'><strong>me,</strong></span> <span class='ocrx_word' id='word_1_501' title='bbox 1013 3763 1133 3824; x_wconf 89' lang='lat' dir='ltr'><strong>usquedum</strong></span> 
     </span>
    </p>
   </div>
   <div class='ocr_carea' id='block_1_4' title="bbox 0 0 1393 4320">
    <p class='ocr_par' dir='ltr' id='par_1_4' title="bbox 0 0 1393 4320">
     <span class='ocr_line' id='line_1_54' title="bbox 0 0 1393 4320; baseline 0 0"><span class='ocrx_word' id='word_1_502' title='bbox 0 0 1393 4320; x_wconf 95' lang='lat' dir='ltr'><strong> </strong></span> 
     </span>
    </p>
   </div>
  </div>
 </body>
</html>
