2734 4314
516 400 666 460 MARCUS,
690 403 725 452 ΙΙ.

126 510 221 573 nique:
241 513 337 559 ducebat
348 511 409 559 euim
425 526 468 558 eos
479 521 506 558 ut
521 518 598 560 aucto·
662 515 695 560 59
712 510 1092 577 Etpraedimbatinrynagogiseo·

126 578 209 624 ritatfflr
221 577 313 630 notens,
324 583 348 622 et
359 591 406 623 uon
418 583 446 622 ut
457 577 549 623 scribae.
631 591 680 621 rum
691 576 715 623 iu
726 573 773 622 toti
783 575 889 632 Galilaed,
900 584 924 624 et
931 579 1047 626 ἀκωοιιίι
1054 581 1093 643 eji-

157 645 188 686 25
205 639 260 686 Fuit
271 653 349 686 aurem
360 641 383 686 in
392 637 513 700 synagogi
521 655 599 686 eorum
630 641 707 687 ciebat.

127 704 219 764 pridmn,
231 705 255 750 in
266 719 313 764 quo
324 713 373 750 erat
383 705 477 765 spiritus
492 705 598 765 impurus,
662 708 695 749 40
711 708 728 765 1
742 703 855 766 Venitque
873 704 900 750 ad
919 721 970 752 cum
988 705 1094 768 leprosus.

128 769 163 828 qui
173 768 316 822 succlamavit,
629 783 791 829 precanreum,
807 769 872 828 eique
888 770 916 815 ad
931 785 1006 832 genua
1021 773 1094 832 proci·

158 836 188 876 24
207 832 303 885 Dicens,
317 832 361 884 Ah,
373 831 426 890 quid
439 832 501 877 nobIs
518 839 598 884 tecum,
630 837 691 886 dens,
703 847 729 878 ac
740 831 814 878 dicens
825 834 852 887 ei,
871 833 896 878 Si
907 833 968 888 veiis,
985 842 1049 896 potes
1059 851 1094 883 auc

131 893 182 942 lesu
199 895 341 942 Nazarene?
358 896 439 940 venisti
456 903 481 941 ut
497 896 599 956 perderes
630 911 732 958 purgare.

131 959 185 1005 aus?
201 960 255 1004 novi
268 968 290 1004 te
301 961 352 1019 quis
360 961 397 1010 sis,
405 959 597 1006 nimr'rumSane·
662 963 692 1005 4l
710 957 778 1008 Jesus
804 967 878 1006 autem
905 963 1094 1011 commiseratione

132 1033 165 1068 tus
176 1023 212 1070 ille
225 1023 279 1069 Dei.
630 1021 709 1070 intimi
725 1031 857 1078 commotus,
875 1023 968 1071 extensi
983 1042 1051 1073 mauu
1062 1035 1095 1074 te·

163 1091 193 1134 25
211 1087 244 1133 Et
263 1087 390 1148 objurgavit
406 1102 458 1132 eum
474 1085 547 1144 Jerus,
564 1087 599 1134 di·
631 1088 683 1150 tigit
693 1103 752 1143 eum,
768 1094 791 1134 et
802 1089 857 1134 dixit
868 1089 896 1143 ei,
914 1089 974 1134 Volo
983 1106 991 1146 ;
1012 1105 1091 1152 purga·

132 1166 189 1204 sens,
202 1151 345 1204 Obmutesce,
357 1156 380 1196 ct
390 1150 427 1196 exi
438 1165 468 1196 ex
477 1167 512 1197 co.
631 1158 674 1198 tor.

163 1219 194 1261 26
211 1214 284 1269 Tunc,
296 1229 365 1275 quum
382 1215 533 1277 discerpsisset
548 1231 599 1262 eum
664 1220 696 1262 42
709 1215 746 1263 'Et
756 1231 825 1276 quum
836 1217 892 1263 baec
908 1217 1005 1270 dixisset,
1022 1226 1095 1266 staura

133 1279 221 1339 spiritus
242 1279 348 1339 impurus,
370 1287 393 1324 et
412 1275 528 1325 armasset
544 1295 600 1327 voce
632 1279 836 1341 abiitabeoleprs,
847 1288 870 1326 et
881 1289 988 1343 purgatus
998 1281 1046 1328 suit

133 1339 220 1404 magni,
232 1343 286 1389 exiit
296 1357 325 1388 ex
336 1358 371 1388 eo.
664 1349 696 1390 43
713 1343 745 1391 Et
753 1345 1014 1406 graviterintemrinatus
1024 1347 1043 1392 ei
1055 1349 1094 1394 Je-

165 1411 195 1454 27
212 1406 246 1453 Et
266 1415 405 1468 expaverunt
427 1421 512 1460 omnes,
529 1407 559 1454 ita
576 1416 600 1454 ut
632 1423 677 1454 rus.
688 1409 762 1455 statim
773 1409 883 1470 ablegavit
894 1425 952 1463 erm,

134 1466 211 1516 mutud
224 1477 354 1531 quaererent
371 1471 430 1516 inter
446 1485 477 1524 se,
494 1472 599 1527 dicentes,
664 1476 695 1517 44
713 1472 822 1532 Dixitque
840 1473 868 1528 ei,
891 1473 950 1520 Vide
968 1481 994 1520 ut
1013 1476 1094 1523 nenrini

135 1535 196 1587 Quid
217 1543 251 1580 est
271 1535 331 1581 hoc?
347 1550 404 1594 quae
426 1535 527 1582 doctrina
542 1551 601 1582 nova
631 1536 747 1597 quicquam
769 1537 842 1583 dieas:
878 1538 917 1583 sed
938 1539 979 1592 sbi,
1004 1541 1095 1586 ostende

134 1609 193 1653 naec,
211 1595 270 1658 qudd
291 1614 331 1660 per
352 1605 486 1660 potestatem
509 1607 600 1660 imperat
632 1601 725 1662 teipsum
737 1601 1093 1665 sacerdotietciierpropurga-

134 1663 200 1708 etiam
212 1663 321 1724 spiritibus
332 1662 431 1724 impuris,
443 1670 467 1708 et
477 1665 600 1710 auscultant
632 1665 692 1710 tione
710 1665 741 1710 tui
758 1680 815 1725 quae
832 1666 948 1726 imperavit
966 1667 1050 1722 Moses,
1072 1676 1096 1714 ut

136 1726 171 1772 ri?
632 1729 674 1774 hoe
685 1729 713 1774 sit
724 1729 756 1776 eis
764 1730 897 1775 testimonio.

166 1794 197 1836 28
215 1790 335 1838 Emanavit
346 1797 422 1837 autem
433 1789 492 1836 sama
500 1790 568 1852 ipsius
576 1793 599 1838 in
664 1795 695 1838 45
714 1791 755 1838 Ille
766 1791 819 1838 veru
830 1809 934 1853 egressus
944 1794 1017 1854 coepit
1031 1809 1094 1854 prae·

134 1860 203 1900 totam
215 1857 329 1917 regionem
340 1856 534 1918 circumjacentem
551 1857 599 1902 Ga·
632 1857 704 1902 dicare
715 1857 789 1909 multa,
802 1866 825 1902 et
836 1871 882 1902 rem
894 1857 1015 1916 divulgare,
1030 1858 1061 1903 ita
1071 1866 1095 1905 ut

136 1917 220 1964 lilaeae.
627 1921 675 1982 jam
694 1935 738 1967 non
756 1927 831 1980 posset
848 1919 916 1966 Jesus
932 1916 1048 1966 manifest&
1061 1921 1095 1968 in·

166 1987 198 2030 29
215 1985 231 2044 1
240 1981 273 2029 Et
284 1983 358 2030 statim
369 1998 383 2029 e
395 1979 513 2044 synagogi
522 1999 599 2046 egres·
632 1985 701 2030 troire
711 1983 734 2029 in
745 1984 874 2031 civitatem:
898 1984 937 2029 sed
948 1983 1002 2029 foris
1017 1984 1040 2030 in
1056 1985 1095 2032 de·

135 2063 159 2100 rr,
170 2054 280 2094 venerunt
291 2047 383 2093 domurn
396 2045 495 2094 Simonis
509 2055 531 2094 et
548 2049 599 2094 An·
632 2049 696 2094 sertis
707 2048 761 2094 iocis
771 2055 824 2102 erat,
840 2055 863 2094 et
875 2049 990 2094 ueniebant
1002 2049 1029 2094 ad
1045 2065 1095 2096 eum

134 2111 199 2158 dreae
210 2126 261 2157 cum
271 2110 357 2159 Jacobs
368 2121 393 2158 et
403 2109 499 2158 Joanne.
633 2113 735 2174 undique.

166 2179 200 2220 50
217 2175 299 2222 Socrus
309 2182 384 2222 autem
397 2175 496 2221 Simonis
509 2176 600 2222 decum-

135 2237 199 2284 bebat
208 2238 346 2286 febricitans:
366 2246 390 2286 et
401 2240 476 2286 statim
489 2240 564 2286 dicunt
579 2256 600 2287 er
802 2238 875 2288 CAP.
898 2239 931 2286 11.

135 2303 163 2348 de
173 2301 217 2349 itta
659 2310 684 2338 Ὗ
691 2303 713 2350 Τ
725 2319 800 2350 rursus
810 2305 900 2350 intravit
913 2304 1052 2364 Capemaum
1061 2306 1095 2351 in·

166 2369 197 2412 51
216 2366 281 2414 Tunc
289 2367 398 2415 accedens
406 2367 478 2413 erexit
485 2383 540 2422 eam,
549 2385 600 2430 pre-
660 2347 674 2385 ⁴
718 2367 814 2431 terjectis
823 2369 909 2427 aliquot
917 2369 992 2413 diebus
1000 2385 1008 2424 ;
1025 2375 1047 2413 et
1056 2384 1095 2414 au·

55 2434 58 2442 ¹
136 2427 206 2476 irensis
220 2446 285 2478 manu
298 2433 360 2493 ejus:
379 2440 403 2478 et
413 2432 497 2478 dimisit
507 2448 554 2480 eam
566 2433 599 2480 fe·
634 2433 703 2477 ditum
715 2440 748 2478 est
760 2447 811 2477 eum
823 2431 882 2476 domi
894 2447 958 2488 esse;

136 2495 180 2540 bn's
191 2496 271 2550 statim,
283 2503 306 2542 et
316 2496 452 2542 ministravit
462 2496 500 2542 eis.
666 2501 681 2542 2
699 2497 822 2556 Statimque
828 2497 896 2540 coacti
906 2503 957 2540 sunt
965 2494 1035 2549 multi,
1042 2493 1097 2543 uded

166 2563 200 2603 32
217 2559 294 2613 Quum
304 2567 379 2606 autem
392 2575 466 2606 serum
477 2562 524 2607 diei
536 2570 601 2616 esset,
634 2562 712 2621 utjam
725 2576 770 2606 uon
781 2569 884 2620 caperent
900 2575 942 2612 eos,
960 2574 989 2605 ne
1005 2574 1033 2606 ea
1047 2561 1095 2621 qui-

136 2623 249 2669 occidente
270 2623 324 2678 soie,
344 2625 481 2670 adducebant
502 2625 530 2671 ad
549 2641 602 2671 eum
634 2621 684 2670 dem
711 2627 760 2671 locu
783 2639 839 2684 quae
860 2633 926 2671 eram
945 2625 977 2670 ud
998 2626 1097 2681 ostiumr

137 2701 213 2733 ornnes
234 2683 292 2734 meld
313 2687 405 2734 affectos
427 2696 450 2734 et
476 2689 601 2736 daemonia·
633 2699 656 2735 et
677 2689 806 2750 loquebatur
827 2689 859 2734 cis
880 2705 1005 2735 sermonem
1027 2705 1094 2737 warr-

137 2765 183 2796 cos.
630 2753 694 2812 getii.

168 2818 201 2859 53
217 2815 250 2861 Et
260 2815 344 2864 ciritae
355 2823 403 2862 tota
418 2823 495 2864 coacta
511 2825 558 2864 erat
574 2817 602 2863 ad
664 2821 681 2862 5
697 2816 763 2863 Tunc
774 2825 883 2864 venerunt
894 2818 921 2863 ad
934 2833 984 2863 eum
1001 2816 1097 2865 serentes

138 2879 226 2924 ostium.
632 2881 783 2942 pamlpticum
803 2881 840 2942 qui
857 2897 870 2928 a
886 2891 980 2941 quatuor
994 2883 1096 2944 portabu-

169 2946 202 2988 54
218 2941 250 2989 Et
258 2944 344 2991 sanarit
353 2943 436 2990 multos
445 2939 502 2990 maid
511 2943 601 2992 affectos
633 2952 675 2991 tur.

139 3006 203 3053 variis
213 3009 301 3063 morbis,
315 3015 338 3055 et
349 3008 466 3056 daemonia
475 3009 545 3056 multa
555 3011 601 3071 eje·
664 3014 681 3054 4
697 3009 729 3056 Et
741 3024 809 3069 quum
821 3025 865 3054 non
877 3017 967 3068 possent
980 3009 1000 3055 ci
1017 3023 1093 3068 appru·

138 3070 181 3126 sits
197 3079 277 3118 etnon
287 3073 373 3119 sinebat
389 3072 463 3119 dicere
479 3072 600 3128 daemonia,
632 3073 738 3134 pinquare
765 3079 854 3133 propter
881 3073 974 3125 turbam,
1006 3071 1096 3115 detene-

138 3131 388 3197 quddipsumndsseut,
633 3144 685 3184 runt
707 3133 827 3181 tabulatum
848 3135 894 3179 loci
914 3133 937 3178 in
963 3149 1007 3193 quo
1034 3143 1097 3188 erat;

168 3202 200 3246 35
217 3199 277 3261 {Et
288 3197 355 3247 mand
371 3199 435 3246 valde
451 3198 521 3248 multa
537 3208 603 3248 nocte
632 3215 704 3260 eoque
725 3197 831 3260 perfosso,
845 3194 946 3258 fiinibus
964 3196 1097 3242 demiserunt

137 3277 205 3324 quum
216 3265 354 3319 surrexisset,
366 3265 427 3318 exiit,
439 3271 462 3310 et
472 3265 524 3311 abiit
532 3265 555 3310 in
563 3265 602 3311 de·
634 3265 771 3326 grabbatum,
790 3261 813 3308 in
833 3277 878 3322 quo
889 3261 1022 3322 parabamus
1035 3262 1097 3322 jiea-

138 3333 219 3372 sartum
231 3327 311 3384 locum,
323 3335 348 3374 et
359 3329 403 3374 illic
414 3329 549 3389 precabatur.
634 3329 678 3374 bat
1029 3337 1035 3350 ‘

169 3395 200 3437 56
217 3391 249 3438 Et
260 3394 391 3453 prosequuti
402 3401 454 3438 sunt
465 3407 516 3438 eum
527 3393 603 3439 Simon
668 3395 683 3438 5
702 3391 778 3444 Quum
791 3399 865 3437 autem
882 3389 972 3436 vidisset
988 3387 1055 3436 Jesur
1073 3387 1097 3434 i·

140 3462 160 3500 rt
169 3456 206 3515 qui
217 3472 267 3501 cum
280 3458 329 3517 ipso
340 3467 411 3503 erant
636 3456 686 3502 dem
696 3471 779 3508 corum,
791 3455 847 3500 dixit
857 3453 984 3514 paralytico,
997 3452 1047 3507 Fili,
1065 3470 1097 3499 ra·

168 3523 199 3566 37
216 3519 249 3566 Et
259 3536 329 3580 quum
342 3521 479 3566 invenissent
496 3536 553 3571 eum.
571 3520 604 3565 di·
638 3521 703 3565 missa
715 3527 767 3565 sunt
778 3519 815 3564 arbi
827 3525 917 3578 peccata
927 3525 971 3564 tua.

141 3591 189 3630 runt
200 3583 227 3638 ei,
240 3583 328 3630 Omnes
340 3594 364 3629 te
374 3594 490 3645 quaerunt
670 3588 685 3630 6
704 3583 775 3628 Erant
797 3595 869 3627 autern
892 3581 944 3627 iliic'
960 3581 1047 3642 quidam
1071 3597 1098 3628 er

169 3651 199 3692 58
216 3647 284 3694 Tunc
292 3648 347 3694 dicit
356 3647 394 3701 eis,
407 3647 493 3692 Eamu
502 3648 524 3692 in
533 3649 604 3692 mati-
637 3646 714 3692 scribis
733 3645 841 3696 sedentes,
861 3651 883 3690 et
905 3645 1058 3695 ratiocinantes
1078 3647 1098 3694 iu

141 3725 182 3772 gua
196 3712 308 3774 oppidula
329 3719 355 3756 ut
371 3717 394 3756 et
410 3711 453 3756 illie
464 3711 605 3772 praedicetur
639 3711 739 3756 cordibus
751 3710 803 3761 suis,

142 3775 217 3822 atnoe
228 3779 289 3824 enim
302 3790 352 3822 sun·
367 3790 477 3834 egressus.
671 3777 686 3820 7
704 3772 765 3826 Quid
782 3773 823 3818 iste
841 3771 872 3816 ita
887 3769 983 3832 loquitur
1000 3773 1095 3820 biasubu·
