2720 4312
482 353 488 360 ’
547 375 655 426 esum
677 374 844 424 unarum

223 483 321 546 mpelisa
340 480 413 546 gloriis
430 491 453 530 et
471 484 557 530 bonore
573 479 685 530 comnisti
716 479 850 543 Apostolum
862 479 1021 542 etpontiflcem
1038 481 1181 543 professionis

222 548 456 602 suur‚etcoustituisti
471 563 522 594 eum
537 563 604 610 super
618 563 686 608 opera
717 552 812 598 nostrae,
825 543 940 592 Christum
951 543 1045 601 Jesum;
1140 591 1142 594 ,

222 627 327 658 manuum
339 620 433 657 tuarum.
750 613 766 654 2
783 607 882 655 Fidelem
894 609 913 655 ei
924 608 961 669 qui
972 609 1044 670 ipsum
1056 610 1184 668 constitnit,

254 679 269 720 8
289 675 372 722 Omnia
395 674 504 736 subjecisti
527 673 568 720 sub
594 673 685 734 pedibus
717 670 1040 737 utetMosesfldelr'afut'tin
1055 671 1103 720 totai
1119 674 1183 720 doma

222 740 275 802 ejus.
315 737 439 784 Enimvero
460 753 500 798 per
520 738 563 783 boc
584 733 644 798 qnod
665 738 687 783 ei
717 737 794 798 ipsius.

222 802 403 862 subjecitomnia,
415 801 468 848 nibil
480 801 554 847 omisit
569 801 630 862 quod
640 815 686 847 non
749 804 766 845 ³
786 796 861 846 Tontd
876 815 971 859 namque
988 799 1094 862 ampliore
1112 798 1184 860 glutit

223 866 285 912 sitsi
301 864 430 928 subjectum.
463 864 497 911 At
512 879 572 911 nunc
586 865 686 912 nondum
717 878 770 926 prae
792 861 860 910 Mose
882 864 917 909 hio
938 863 1019 924 dignus
1040 871 1075 910 est
1090 865 1185 912 habitus.

224 929 322 977 silemus
333 929 353 974 ei
364 929 439 975 omnia
449 943 498 975 esse
508 930 611 990 subjecta.
718 923 803 988 quantd
821 929 927 989 majorem
950 928 1015 974 habet
1036 928 1144 974 honorem
1165 929 1184 975 ir

256 998 271 1041 9
288 993 332 1040 Scd
343 991 422 1040 Jesum
436 993 498 1039 illum
514 992 626 1040 cernimus
636 991 687 1054 glo-
718 991 756 1051 qui
773 991 898 1038 construxit
913 991 1004 1038 domum
1020 988 1086 1052 qudm
1106 993 1184 1040 domuc

225 1054 256 1104 rtt
266 1064 289 1104 ct
299 1057 385 1104 honore
399 1063 537 1110 coronatum,
551 1057 588 1117 qui
606 1056 687 1118 paulis·
720 1054 775 1117 ipsa.

225 1120 316 1184 petiuit
330 1120 421 1167 inferior
435 1121 520 1182 angebo
530 1119 609 1175 sactus,
620 1136 688 1182 prop-
752 1122 768 1164 4
785 1117 866 1164 Omnis
879 1118 938 1164 enim
955 1118 1034 1164 domus
1050 1121 1184 1166 construitur

226 1192 258 1232 trr
274 1185 352 1231 mortis
368 1185 548 1248 perpessionem
565 1191 590 1230 ut
605 1183 688 1231 beneti-
720 1182 841 1242 abaliquo:
860 1183 897 1243 qui
905 1178 959 1230 verb
968 1183 1064 1230 condidit
1074 1183 1127 1230 haec
1136 1198 1174 1230 om

225 1249 259 1295 sic
272 1248 316 1294 Dei
325 1265 366 1310 pro
373 1249 473 1295 omnibus
481 1255 575 1294 mortem
581 1255 688 1310 gustaret.
720 1247 800 1293 niteat
811 1245 884 1292 Deus.

260 1316 289 1359 10
306 1312 408 1359 Docebat
423 1313 483 1358 enim
500 1319 525 1358 ut
541 1313 587 1373 ipse
600 1321 690 1373 propter
753 1313 769 1358 ⁵
786 1309 818 1357 Et
833 1309 913 1356 Moses
929 1305 1017 1370 quiddm
1035 1309 1091 1356 fidus
1099 1309 1153 1372 ficit
1163 1311 1185 1358 is.

227 1391 290 1437 quem
306 1383 358 1423 sunt
375 1377 429 1422 haec
439 1376 520 1428 omnia,
531 1383 554 1422 et
568 1391 608 1436 per
623 1391 689 1436 quern
721 1370 769 1420 tort
779 1374 846 1420 domo
857 1374 932 1435 ipsius,
948 1381 974 1420 ut
989 1373 1091 1428 famulus,
1102 1375 1130 1420 ad
1141 1383 1185 1421 tes·

226 1447 277 1486 suut
288 1439 433 1493 haecomnia,
445 1439 526 1485 multos
537 1439 627 1485 tiliosio
638 1439 689 1500 glo·
721 1437 823 1484 tificanda
833 1452 889 1498 quae
899 1435 949 1500 prist
959 1445 1023 1484 erant
1033 1437 1140 1484 dicenda:
1183 1479 1187 1482 .

228 1503 279 1549 riam
291 1503 425 1555 adducendo,
437 1503 559 1564 principem
569 1502 645 1548 salutis
656 1503 689 1564 ip-
754 1505 769 1548 6
786 1499 820 1547 At
839 1499 949 1556 Christus,
968 1509 993 1548 ut
1013 1499 1089 1555 bilius,
1111 1502 1186 1548 domui

227 1581 300 1612 sorum
311 1581 351 1626 per
361 1566 491 1612 afflictiones
502 1573 648 1612 consecraret.
723 1579 775 1611 suae
796 1573 900 1626 praeest:
926 1567 989 1626 cujus
1010 1565 1089 1612 domus
1110 1581 1187 1614 sumus

260 1633 285 1675 11
306 1629 366 1675 Nem
381 1638 404 1676 et
419 1629 455 1690 qui
470 1629 598 1684 sanctificat,
613 1637 636 1676 et
652 1630 689 1690 qui
722 1643 769 1682 nos.
782 1629 799 1674 si
814 1625 880 1675 modri
896 1628 996 1676 fiduciam
1012 1637 1035 1676 et
1051 1645 1112 1690 spem
1127 1629 1186 1676 illam

226 1693 395 1747 sanctificantur,
412 1709 440 1740 ex
463 1709 509 1740 uno
530 1701 582 1740 sunt
603 1709 689 1740 omnes.
721 1688 803 1753 dequd
813 1692 1184 1754 gloriarnur,adiinemusquetir·

153 1759 159 1769 “
227 1759 301 1813 Quam
312 1759 340 1804 ob
356 1773 444 1804 causam
463 1773 508 1804 non
527 1758 634 1804 erubescit
651 1774 691 1804 eos
723 1771 782 1802 mam
794 1757 954 1803 retinuerimus

230 1837 306 1869 rocare
317 1822 411 1877 fratrem
755 1822 769 1866 7
787 1819 935 1882 Quapropter,
953 1821 1009 1868 sicut
1024 1820 1076 1866 dicit
1092 1820 1186 1882 Spiritus

261 1891 290 1932 12
311 1886 404 1939 Dicens,
434 1886 581 1933 Annunciabo
609 1901 690 1932 nomen
722 1879 758 1930 ille
770 1884 872 1939 Sanctus,
883 1883 1076 1931 Hodiesivocem
1087 1887 1135 1947 ejus
1146 1902 1185 1933 au·

227 1961 288 1996 tuum
299 1949 402 1997 tratribus
414 1951 481 2006 meis3
495 1951 518 1995 in
535 1951 608 1996 medio
618 1951 690 1996 eccle·
722 1949 811 2002 dieritis,

228 2015 271 2061 siae
282 2015 320 2060 tibi
331 2015 427 2074 hymnos
438 2029 523 2060 canam.
754 2015 769 2057 8
787 2011 825 2058 Ne
835 2012 941 2058 obdurate
956 2013 1023 2058 corda
1038 2019 1117 2066 vestra,
1130 2013 1185 2060 sicut

261 2081 290 2123 13
307 2077 339 2123 Et
350 2075 444 2130 rursbm,
457 2077 510 2138 Ego
525 2076 595 2123 frctus
606 2093 645 2124 ero
655 2077 690 2138 ip·
723 2075 745 2121 in
767 2076 940 2130 exacerbatione,
958 2077 980 2122 in
1002 2077 1038 2122 die
1061 2078 1186 2125 tentationis

227 2157 259 2188 so.
292 2139 325 2187 Et
343 2141 430 2194 iterum,
448 2139 510 2187 Ecce
528 2156 572 2204 ego
589 2149 612 2188 ct
629 2141 692 2203 pueri
721 2138 781 2186 illius
791 2140 813 2186 in
825 2140 931 2196 desertoa

225 2220 282 2266 quos
292 2203 345 2250 mibi
356 2204 415 2250 dedit
427 2203 499 2250 Deus.
755 2209 771 2252 9
789 2203 833 2250 Ubi
845 2211 986 2250 tentaverunt
997 2219 1033 2250 me
1046 2201 1119 2266 patres
1135 2221 1184 2252 ves·

260 2272 290 2315 14
307 2268 419 2323 Quoniam
427 2269 495 2330 igitur
503 2268 564 2330 pueri
575 2269 692 2331 participes
722 2268 757 2322 tri,
768 2269 917 2329 probaverunt
925 2283 967 2320 mc,
976 2276 999 2313 et
1007 2268 1110 2314 viderunt
1120 2285 1185 2331 opera

227 2341 279 2382 sunt
289 2333 361 2380 camis
376 2340 399 2379 et
415 2333 535 2394 sanguinis,
547 2333 594 2394 ipse
604 2349 692 2394 quoque
722 2347 772 2378 mea
783 2347 822 2392 per
832 2347 903 2378 annos
914 2333 1065 2392 quadraginta.

226 2397 370 2444 consimiliter
386 2398 496 2458 particeps
514 2396 585 2444 factus
600 2404 635 2443 est
651 2413 690 2443 co·
757 2399 787 2441 10
804 2395 946 2457 Quapropter
954 2396 1052 2441 infensus
1060 2395 1092 2441 fui
1104 2396 1185 2442 nationi

227 2463 326 2514 cundem,
338 2467 363 2506 ut
376 2477 415 2520 per
425 2470 520 2506 mortem
532 2461 629 2507 aboleret
639 2477 690 2507 eum
722 2459 757 2504 isti
770 2476 777 2515 3
794 2466 818 2505 et
836 2460 888 2514 dixi,
909 2460 1002 2520 Semper
1020 2468 1095 2505 errant
1114 2462 1186 2516 corde,

226 2525 263 2584 qui
282 2525 360 2570 mortis
377 2525 492 2586 imperium
510 2525 581 2579 habet,
599 2526 642 2571 boc
657 2531 692 2570 est
723 2539 795 2583 neque
805 2533 959 2584 cognoverunt
968 2524 1014 2568 vias
1025 2537 1092 2568 meas.

226 2587 350 2633 diabolum:
757 2591 783 2633 11
804 2585 883 2648 Itaque
889 2588 964 2648 juravi
975 2588 998 2632 in
1009 2585 1041 2632 irt
1047 2584 1103 2641 mei,
1117 2587 1140 2634 si
1151 2588 1184 2634 in·

261 2654 290 2696 15
307 2650 339 2696 Et
361 2651 440 2696 liberos
463 2651 563 2697 redderet
582 2658 691 2711 quotquot
722 2651 820 2696 troibunt
831 2652 853 2696 in
866 2653 962 2712 requiem
970 2665 1053 2697 meam.

227 2721 287 2759 metu
304 2714 382 2758 mortis
398 2729 437 2772 per
453 2728 542 2759 omnem
562 2715 630 2759 vitam
650 2716 690 2760 ob-
757 2718 786 2760 12
804 2714 891 2769 Videte,
902 2715 987 2768 tratres,
998 2715 1114 2774 nequando
1126 2716 1154 2760 sit
1164 2716 1185 2762 in
1244 2755 1248 2759 .

227 2777 287 2824 noxii
299 2784 362 2822 erant
373 2777 481 2821 servituti.
723 2777 768 2824 ullo
779 2779 878 2824 vestrum
890 2794 930 2824 cor
939 2779 1022 2824 malum
1034 2793 1079 2825 uon
1088 2779 1185 2834 credens

261 2843 290 2886 16
308 2839 361 2884 Non
381 2839 440 2884 enim
457 2839 533 2900 utique
549 2839 640 2900 angelos
654 2856 689 2886 as-
723 2841 844 2888 deficiendo
855 2858 869 2888 a
880 2841 933 2888 Deo
944 2843 1010 2889 viso:

227 2903 326 2965 sumpsit,
349 2903 387 2948 scd
413 2918 488 2950 semen
511 2903 631 2950 Abrabami
654 2920 691 2950 as·
758 2909 787 2951 13
804 2906 1181 2967 Sedexhortamioialiiaiiosquo·

227 2968 326 3030 sumpsit
547 2983 551 2990 ·
691 2987 693 2991 ⁴
723 2965 783 3025 cidit,
802 2969 875 3030 quoad
894 2971 1015 3031 appellatur
1036 2971 1082 3017 dies
1100 2971 1176 3017 hodicr

261 3036 289 3080 17
310 3031 376 3079 Unde
387 3032 461 3078 debuit
474 3047 515 3094 per
527 3032 602 3079 omnia
617 3032 691 3079 tratri·
723 3048 778 3080 nus=
799 3034 876 3094 nequis
891 3048 919 3080 ex
938 3035 1001 3080 vobis
1019 3034 1134 3081 induretur
1151 3049 1176 3082 se

227 3097 267 3144 bus
285 3097 362 3142 similis
379 3095 433 3150 fieri,
452 3104 477 3143 ut
494 3097 619 3143 misericors
633 3105 692 3144 esset
722 3098 827 3143 ductione
838 3098 928 3158 peccati.

228 3169 250 3207 et
268 3159 338 3206 fidelis
356 3160 457 3222 pontifex
475 3161 498 3206 in
517 3160 544 3206 iis
560 3176 617 3220 quae
634 3162 692 3221 apud
757 3164 786 3207 14
804 3159 888 3209 Christi
898 3162 956 3208 enim
966 3161 1080 3222 participes
1089 3161 1139 3208 tacti
1150 3177 1186 3209 su·

230 3222 306 3270 Deum
321 3226 411 3284 agendo
420 3222 509 3284 forent,
520 3224 692 3286 adexpiaudum
722 3239 779 3278 mus,
798 3225 816 3271 si
836 3224 902 3271 modii
916 3225 1046 3286 principium
1065 3225 1125 3280 itud,
1142 3241 1186 3287 quo

228 3295 317 3350 peccata
327 3287 413 3348 populi:
723 3296 882 3343 sustentamur.
894 3288 983 3334 firmum
995 3290 1150 3336 retinuerimus
1161 3289 1186 3336 ad

262 3354 291 3396 18
309 3350 369 3397 Nam
380 3365 444 3397 exeo
453 3346 511 3411 qudd
519 3365 635 3411 perpessus
643 3349 692 3404 fuit,
722 3350 789 3397 tinem
801 3367 885 3412 usquc:

230 3427 295 3474 quum
316 3422 412 3460 tentatus
428 3421 468 3468 est,
485 3421 559 3474 potest
574 3421 597 3461 et
613 3415 639 3461 iis
655 3414 692 3475 qui
758 3417 900 3462 15·Interim
916 3414 967 3461 dum
983 3416 1068 3470 dicitur,
1082 3415 1185 3464 tir-dieat

231 3483 341 3524 tenuntur
352 3492 487 3523 succurrere.
723 3493 802 3523 vocem
824 3480 871 3539 ejus
892 3479 1009 3533 audieritis,
1032 3495 1060 3524 ne
1082 3481 1139 3525 obdu
1152 3489 1185 3527 ata

723 3541 790 3588 corda
814 3551 893 3597 vestra,
916 3550 939 3589 ut
961 3543 984 3588 in
1006 3540 1043 3588 itu
1069 3547 1182 3590 exaremus

389 3603 464 3652 CAP.
484 3601 533 3650 111.
723 3605 791 3650 tione.

235 3665 377 3782 UNDE,
388 3667 467 3714 tratres
478 3668 554 3721 sancti,
573 3667 694 3714 vocationis
758 3672 787 3716 16
804 3667 864 3714 Nam
876 3669 971 3729 quidam,
988 3685 1055 3728 quum
1068 3672 1185 3722 audissent.

308 3728 411 3774 coelestis
421 3729 544 3836 pqrpicipea
557 3732 693 3776 considerate
724 3730 880 3778 exacerbarunt
890 3735 1016 3778 Dormitum
1026 3751 1035 3778 .·
1056 3749 1100 3780 non
1110 3750 1184 3780 onam

471 3797 486 3835 6
