2734 4314
582 401 698 457 LUCA,
721 401 781 450 vlt.

206 525 253 560 nm
265 511 311 572 ipse
322 509 431 570 benigum
448 515 482 554 est
496 521 551 568 erga
567 507 667 568 ingratos
698 505 796 561 domum,
812 509 849 568 qui
864 508 926 562 fodit,
943 517 966 556 et
982 509 1104 565 excavavit,
1121 525 1159 572 po·

204 573 317 622 etmaios'
501 571 504 580 ⁴
698 572 786 630 suitque
806 570 950 619 fundamenta
971 589 1038 634 supet·
1060 587 1161 636 petrnmr

234 643 266 684 36
283 638 364 684 Estote
375 634 667 696 crgomisericordesprout
698 635 734 680 ubi
756 643 830 681 autem
852 637 913 682 venit
934 637 1055 692 inundatio,
1083 639 1163 685 illisum

204 711 226 750 et
238 703 304 748 Pater
316 709 389 746 vester
399 701 524 746 misericors
535 706 575 746 est.
698 706 733 744 est
743 697 826 744 fiumen
838 699 913 745 domui
925 701 962 754 illi,
980 702 1075 748 sednon
1091 705 1165 765 potuit

235 770 266 813 ³7
284 765 321 810 Ne
334 765 439 825 judicate,
459 770 481 810 et
499 779 544 809 uon
557 763 666 824 judicabi·
697 777 747 808 eam
758 770 862 823 quatere;
878 763 970 810 fundata
985 766 1045 812 enim
1061 775 1109 814 erat
1125 783 1165 814 su·

210 831 271 876 nini·¹
291 845 319 875 ne
338 829 490 882 condemnate,
506 834 530 874 et
546 842 591 873 non
611 841 666 871 con-
699 842 738 887 per
751 833 843 886 petram.

209 893 374 940 ieiunabimiui:
399 892 512 945 absolvite,
529 899 552 936 et
567 889 667 937 absolve·
730 893 763 938 49
780 891 910 945 Quautem
922 908 980 939 meos
996 909 1108 942 sermones
1124 911 1164 943 au·

209 959 265 1004 uiui.
699 954 760 1009 divit,
780 970 821 1001 nec
841 957 955 1017 praestitit,
974 958 1049 1003 similis
1065 967 1099 1004 est
1115 961 1164 1006 cui·

236 1026 268 1068 58
286 1021 353 1075 Date,
368 1029 391 1068 et
406 1021 492 1066 dabitur
505 1019 584 1066 vobis:
604 1033 668 1064 mcn·
699 1025 758 1079 piam
769 1020 806 1080 qui
817 1018 939 1066 aedificavit
951 1022 1041 1074 domum
1053 1037 1115 1068 suam
1125 1039 1164 1069 su·

207 1101 285 1140 turma,
297 1086 398 1146 utquam,
410 1083 668 1146 bonam,pressam,ag1
699 1098 739 1144 per
760 1082 832 1129 sulum
854 1084 935 1144 absque
956 1084 1106 1140 fundamento,
1129 1089 1165 1134 cui
1203 1141 1209 1145 ,

206 1160 279 1204 ratam,
306 1157 330 1197 et
351 1147 521 1210 superfluentem
543 1147 625 1193 dabunt
646 1146 670 1192 in
699 1147 780 1192 illisum
791 1147 932 1193 estfiumen:
951 1149 1025 1209 itaque
1036 1151 1109 1196 statim
1126 1167 1164 1196 ce·

206 1215 278 1261 sinum
289 1221 394 1260 vestrum.
429 1210 515 1258 Eidem
529 1212 589 1258 enim
605 1226 668 1256 meu·
699 1210 766 1268 cidit3
782 1209 866 1274 fuitque
874 1213 1025 1260 ruiuadomds
1033 1213 1090 1260 illius
1099 1229 1163 1276 mag·

205 1277 263 1332 suri,
282 1276 326 1339 quia
339 1277 453 1331 metimini,
473 1273 550 1323 contra
566 1276 669 1320 metietur
699 1289 735 1321 na.

206 1344 274 1388 vobis.
293 1366 301 1374 ⁸

236 1411 269 1454 39
286 1405 381 1456 Dicebat
392 1411 466 1451 autem
476 1404 508 1451 eis
524 1403 666 1465 parabolam:
855 1402 929 1451 CAP.
953 1403 1012 1452 VII.

207 1469 268 1516 Num
279 1477 353 1530 potest
363 1483 441 1516 caecus
452 1484 542 1514 caecum
553 1484 593 1528 per
609 1469 666 1513 viam
762 1467 844 1514 UUM
864 1475 938 1514 autem
960 1468 1068 1515 finivisset
1088 1485 1164 1518 ornata

206 1535 297 1580 ducere:
323 1548 398 1579 noune
415 1533 479 1579 mnbo
493 1532 517 1578 in
531 1531 618 1582 foveam
629 1547 666 1578 ca·
782 1533 850 1578 verba
860 1547 906 1586 sua,
918 1533 1019 1579 audiente
1027 1534 1116 1595 populo,
1127 1535 1163 1580 in·

206 1597 279 1644 dent?
697 1610 788 1656 gressus
798 1603 834 1642 est
848 1594 1034 1656 Caperuaumum.

237 1666 268 1707 40
285 1659 339 1708 Non
353 1668 387 1707 est
403 1659 521 1722 discipulus
538 1675 604 1721 supra
620 1675 667 1706 ma·
731 1657 971 1707 ucenturtonisvero
987 1662 1099 1723 cujusdam
1115 1677 1163 1708 ser·
1214 1712 1218 1716 ,

205 1726 299 1786 gistrum
311 1740 386 1772 suumt
405 1725 443 1770 sed
454 1724 551 1784 quisquis
562 1726 605 1770 erit
617 1740 667 1786 per-
698 1738 740 1769 vus
761 1720 819 1770 maid
840 1723 931 1770 affectus
949 1726 1091 1771 moribundus
1108 1735 1163 1778 erat,

206 1791 275 1838 fectus
286 1790 418 1849 discipulas,
429 1789 471 1835 erit
482 1796 506 1834 nt
517 1789 630 1850 magister.
697 1787 734 1848 qui
746 1795 793 1834 erat
803 1789 844 1850 ipsi
855 1789 970 1849 pretiosus

236 1858 265 1899 41
286 1854 347 1909 Quid
366 1861 439 1899 sutem
458 1853 538 1914 aspicis
559 1853 667 1900 festucam
730 1856 746 1895 5
763 1854 788 1898 Is
799 1850 859 1907 verd,
870 1868 937 1912 quum
949 1853 1046 1900 audisset
1056 1853 1084 1899 de
1099 1852 1162 1909 Jcsu,

204 1917 666 1978 quaeestinoculofratristui,trabemau·
697 1915 757 1961 misit
778 1917 872 1963 adeum
895 1918 992 1963 seniores
1018 1917 1162 1974 Judaeornm,

204 1993 248 2028 tem
260 1998 315 2044 quae
329 1982 403 2028 estin
421 1981 485 2028 oculo
501 1988 539 2027 tuo
558 1996 602 2027 non
619 1983 669 2028 nni·
699 1995 781 2040 rogans
799 1995 850 2026 eum
870 1987 895 2026 ut
913 1981 1005 2036 veniret,
1025 1989 1048 2028 et
1064 1992 1162 2030 servaret

205 2045 342 2092 madvertis?
698 2059 787 2090 servum
801 2059 873 2090 suum.
1162 2069 1166 2075 ·

228 2114 267 2155 ,42
284 2110 332 2155 Aut
339 2109 450 2169 quomodo
457 2114 520 2168 potes
527 2108 599 2154 diccre
606 2107 666 2154 fratri
730 2111 746 2152 4
764 2106 804 2154 Isti
823 2117 897 2154 autem
916 2124 984 2170 quum
1004 2109 1117 2156 venissent
1134 2111 1160 2156 ad

204 2185 249 2226 tuo,
278 2172 362 2226 Frater,
385 2172 432 2218 siue
453 2172 537 2233 ejiciam
560 2171 666 2218 festucam
698 2170 783 2224 Jesum,
805 2174 887 2233 precati
909 2181 961 2218 suut
982 2189 1033 2220 eum
1056 2170 1161 2228 studiose,

203 2236 291 2298 quaein
303 2237 472 2292 oculotuoest;
489 2236 666 2298 quumipsetra·
698 2236 801 2289 diceutes,
823 2232 892 2284 Corte*
911 2238 992 2298 dignus
1011 2245 1045 2285 est
1063 2239 1099 2284 cui
1118 2240 1160 2286 hoc

203 2303 251 2348 bem
262 2317 317 2362 quae
328 2301 395 2348 estin
406 2301 471 2348 oculo
482 2309 521 2346 tuo
535 2316 580 2346 non
598 2301 666 2362 respi-
697 2301 800 2360 praebeas
810 2316 816 2346 ε

202 2365 266 2412 cias?
289 2365 421 2427 Hypocrita,
438 2365 492 2427 ejice
508 2363 603 2426 prirndm
621 2374 665 2411 tra·
729 2367 745 2410 5
762 2364 844 2426 Diligit
852 2365 911 2410 enim
920 2374 1010 2424 gentem
1022 2371 1161 2419 nostramet

201 2428 251 2476 bem
262 2430 321 2476 illam
332 2445 361 2476 ex
372 2429 437 2476 oculo
456 2437 501 2482 tuo,
511 2438 533 2474 et
542 2438 588 2476 tum
598 2430 664 2490 dispi-
697 2443 835 2490 synagogam
847 2427 968 2474 aedificavit
979 2429 1048 2474 uobis.

202 2495 245 2540 cies
265 2502 290 2540 ut
306 2495 379 2555 ejicias
397 2493 505 2540 festucam
522 2507 578 2553 quae
594 2495 663 2539 estin
728 2492 827 2541 GJcsus
849 2508 903 2553 ergo
925 2493 969 2538 ibat
987 2507 1038 2538 cum
1055 2493 1094 2539 eis.
1128 2493 1159 2540 Et

202 2559 266 2603 oculo
277 2557 350 2604 fratris
361 2557 400 2603 tui.
695 2571 764 2616 quum
771 2558 818 2618 jam
833 2571 877 2602 non
894 2551 964 2617 long&
980 2557 1065 2604 abesset
1081 2558 1108 2604 ab
1123 2555 1160 2603 ills

233 2625 265 2666 45
283 2619 336 2667 Non
348 2628 382 2667 est
392 2621 457 2666 arbor
467 2620 525 2666 bona
536 2635 592 2679 quse
608 2619 664 2666 ferat
695 2619 768 2674 domo,
781 2621 840 2666 misit
851 2620 878 2666 ad
889 2636 940 2666 eum
951 2621 1050 2667 centurio
1059 2621 1095 2667 iile
1104 2621 1161 2667 ami·

201 2683 297 2730 fructum
316 2684 405 2738 malum,
428 2699 500 2744 nsque
521 2685 586 2730 arbor
607 2685 665 2730 maia
694 2699 741 2738 cos,
752 2684 827 2730 diceus
840 2685 867 2738 ei,
886 2683 991 2738 Domine,
1009 2700 1037 2730 ne
1053 2693 1160 2741 vexatum

201 2763 257 2808 quae
267 2748 322 2794 ferat
332 2746 429 2794 fructum
440 2748 530 2793 bonurn.
695 2762 737 2794 nec
744 2749 803 2794 enirn
813 2763 862 2794 sum
870 2748 951 2811 dignus
960 2755 985 2794 ut
993 2754 1075 2794 tectum
1084 2763 1159 2794 meum

233 2815 263 2856 44
286 2809 438 2871 Unaquaeque
464 2811 522 2856 enim
550 2811 615 2857 arbor
635 2828 664 2858 ex
694 2812 788 2858 nubens:

158 2869 173 2888 ⁰
201 2875 273 2922 fructu
281 2891 322 2922 suo
330 2875 479 2936 cognoscitur.
515 2873 594 2936 Neque
605 2877 664 2922 enim
727 2873 815 2923 'ildeo
834 2891 862 2922 ne
878 2875 986 2936 meipsum
1001 2872 1092 2936 quidem
1108 2892 1158 2922 sum

201 2938 481 3002 espiniscoliiguutflcus,
499 2955 570 3000 neque
585 2943 664 2995 erubo
695 2939 788 3002 dignum
810 2941 926 2986 arbitratus
947 2941 986 3000 qui
1008 2941 1106 2987 venirem
1131 2941 1159 2987 ad

203 3005 335 3051 audemiant
346 3019 419 3050 uvam.
695 3010 732 3050 te:
752 3004 836 3050 seddic
847 3005 921 3059 verbo,
938 3011 962 3050 et
978 3005 1089 3052 sanabitur
1104 3019 1159 3066 puer

232 3067 546 3117 45·Bouushomoexbono
562 3070 665 3114 thesauro
696 3083 765 3115 meus
1151 3097 1155 3104 ι

200 3135 271 3180 cordis
283 3147 316 3179 stu
332 3131 416 3194 profert
430 3133 530 3189 bonum3
554 3139 576 3178 et
594 3134 665 3180 malus
728 3135 743 3177 8
760 3131 852 3178 Etenim
863 3147 906 3194 ego
917 3133 985 3178 homo
996 3147 1045 3178 sum
1062 3133 1147 3194 subpo

199 3197 371 3244 homoexmnlo
380 3197 483 3243 thesauro
491 3197 563 3243 cordis
572 3198 605 3243 sui
612 3213 665 3259 pro·
695 3202 774 3244 testate
795 3197 935 3249 constitutus,
957 3197 1040 3243 habens
1062 3198 1101 3242 sub
1123 3211 1158 3242 mc

199 3260 240 3307 fert
251 3262 348 3307 maium:
366 3275 396 3306 ex
404 3258 535 3308 abundantii
543 3261 602 3307 eninr
614 3277 664 3307 cor·
695 3261 790 3317 milites3
806 3267 830 3307 et
840 3260 889 3306 dico
897 3261 955 3314 huic,
968 3259 1038 3314 Vade,
1049 3267 1073 3306 et
1084 3261 1156 3306 vadit·

199 3326 232 3371 dis
245 3326 342 3386 loquitur
353 3339 378 3370 os
389 3326 444 3385 ejus.
694 3331 718 3370 et
733 3325 802 3377 alteri,
821 3323 887 3378 Veni,
907 3340 932 3370 ac
949 3324 1023 3370 venit.
1053 3333 1076 3370 et
1094 3340 1158 3370 servs

230 3393 261 3436 46
280 3389 341 3443 Quid
357 3397 431 3435 autem
448 3387 533 3434 vocatis
548 3403 591 3442 me,
611 3387 662 3434 Do·
695 3403 751 3442 meo,
765 3387 870 3442 Fachoc,
882 3403 907 3434 ac
919 3388 976 3434 facit

203 3453 264 3507 niun
288 3453 391 3506 iumine,
411 3460 434 3498 et
456 3467 501 3497 nou
519 3450 590 3497 facitis
607 3467 663 3512 quae
728 3452 933 3499 studiositatem
948 3452 988 3502 his.
1005 3449 1072 3498 Jesus
1088 3451 1158 3497 admi-

199 3516 265 3563 dico?
352 3523 355 3531 *
694 3524 755 3562 ratus
773 3523 808 3562 est
826 3531 890 3563 eum:
915 3523 939 3562 et
954 3531 1082 3570 conversus,
1104 3515 1161 3562 dixit

229 3584 261 3626 47
279 3579 385 3641 Quisquis
396 3581 458 3626 venit
469 3581 497 3626 ad
507 3596 549 3629 me.
567 3586 590 3626 et
601 3579 662 3624 audit
694 3581 770 3626 turbae
783 3595 839 3641 quse
855 3581 926 3641 ipsum
944 3580 1080 3640 sequebatur,
1099 3577 1159 3624 Dico

199 3657 311 3690 oerrnones
322 3659 390 3698 meos,
408 3652 430 3689 et
440 3661 479 3690 eos
489 3652 592 3705 praestat,
604 3643 661 3690 iudi·
693 3644 762 3697 vobis,
782 3658 811 3690 ue
827 3643 851 3690 in
869 3643 952 3691 Isracle
969 3639 1058 3704 quiddm
1075 3649 1159 3689 tantam

199 3709 251 3754 cabo
262 3707 325 3752 vobis
336 3708 370 3752 cui
383 3708 459 3752 similis
470 3708 513 3753 sit:
693 3706 759 3753 fldem
770 3707 852 3753 inveni.

229 3774 260 3815 48
278 3769 360 3817 Similis
379 3777 413 3814 cst
429 3771 521 3830 cuipiam
538 3769 659 3816 aedificanti
727 3774 757 3816 10
773 3770 806 3817 Et
816 3771 907 3818 domum
916 3770 998 3819 reversi
1007 3770 1044 3832 qui
1054 3769 1113 3816 ntissi
1121 3771 1154 3816 fu·

423 3823 454 3877 72
