2756 4320
558 395 673 458 ACTA,
693 401 751 450 XX.

159 509 229 562 feste,
246 507 313 568 quasi
330 507 359 554 ad
375 508 441 552 horas
452 505 510 552 duas
520 504 635 552 clamanti·
698 510 713 554 7
732 507 809 555 Primo
830 517 903 556 tutem
925 509 960 557 die
982 511 1127 568 hebdomsdh

161 576 210 625 bus,
224 571 316 632 Magna
327 577 362 616 est
374 570 451 616 Diana
462 569 623 630 Ephesiorum!
666 572 748 618 coactis
759 569 870 634 discipulis
885 574 914 619 ad
929 574 1077 635 frangendum
1089 589 1126 636 pa·

195 639 228 682 35
247 635 311 682 Tum
320 635 396 686 scriba,
403 649 474 693 quum
483 631 580 684 sedisset
589 641 635 678 tur·
667 650 724 689 nerrr,
738 635 821 683 Paulus
832 638 950 684 disserebat
966 653 1018 684 cum
1031 639 1070 692 eis,
1081 640 1128 686 sbi·

164 701 223 753 barn,
246 699 311 750 dixit,
335 697 384 742 Viri
407 696 508 757 Ephesii,
536 697 636 756 quisnam
667 705 730 747 turus
748 701 859 760 postridie,
878 703 1028 762 protraxitque
1044 718 1129 750 senno·
1218 715 1221 720 ·

166 773 201 808 est
223 763 342 808 hominum
363 761 400 820 qui
423 760 509 806 nesciat
526 759 635 820 Ephesio-
668 776 718 808 nem
730 779 799 823 usque
810 765 833 808 in
842 766 934 810 mediam
947 774 1043 812 noctem.

169 842 218 872 rum
241 827 320 870 urbem
343 825 453 870 seditem
475 839 524 868 esse
542 838 636 884 magnae
700 830 714 870 8
732 826 804 872 Erant
822 826 876 873 verri
892 828 994 876 lucemae
1010 830 1129 878 mrrltaeis

169 891 224 937 deae
236 889 333 942 Dianae,
344 895 366 934 et
376 903 390 934 a
400 887 461 935 Jove
471 887 553 948 delapsi
564 889 636 934 sinru·
667 891 786 937 coenaculo
798 891 833 937 ubi
844 899 907 937 eraut
917 893 994 938 coscti.

168 953 251 1000 lucri?
701 954 817 1000 ssedens
839 963 913 1000 autem
934 957 1021 1016 quidam
1044 958 1131 1004 adoles·-

197 1022 230 1064 36
246 1015 636 1076 quntigituristisnonpossitcoo·
667 1031 721 1063 cens
743 1019 832 1064 nomine
854 1017 971 1078 Eutychus
988 1021 1011 1065 in
1028 1019 1130 1073 fenestri,

173 1081 257 1134 tradici,
275 1087 362 1140 oportet
372 1095 413 1126 sos
424 1079 513 1124 sedatos
523 1094 578 1132 esse,
595 1094 637 1124 nee
668 1081 781 1126 demersus
811 1097 890 1127 wmno
920 1082 1035 1142 profundo,
1064 1099 1131 1144 quum

171 1145 290 1206 quicquam
301 1143 492 1204 praecepsiaeere.
668 1141 750 1189 diutitls
760 1145 878 1190 dissereret
891 1144 979 1199 Paulus,
991 1161 1043 1206 prae
1054 1162 1131 1193 somam

205 1211 238 1254 57
255 1207 387 1254 Adduxistis
398 1207 458 1252 enirn
466 1207 567 1252 homines
574 1207 637 1260 istos,
668 1207 802 1262 deturbatus,
813 1209 894 1254 decidit
903 1223 931 1254 ex
943 1207 1007 1254 tertii
1014 1211 1131 1272 contigna-

173 1287 247 1332 oeque
263 1271 388 1332 sacrilegos,
405 1285 477 1330 neque
490 1271 637 1316 contumelio-
668 1272 729 1317 tione
745 1273 865 1328 deorsum3
882 1281 904 1318 et
916 1273 1012 1320 sublatus
1027 1283 1061 1320 est
1072 1289 1131 1320 mor·

174 1351 212 1382 sos
223 1337 246 1380 in
258 1336 321 1381 deam
332 1342 435 1380 vestram
449 1393 456 1398 ι
669 1343 727 1380 tuus.
1056 1344 1063 1356 ⁸

205 1403 239 1445 38
257 1395 351 1452 Quddsi
360 1398 498 1450 Derrsetrius,
510 1397 577 1457 etqui
586 1410 637 1442 cum
703 1403 733 1445 10
747 1398 823 1452 Quum
832 1401 979 1448 descendisset
987 1409 1060 1448 autern
1071 1401 1127 1448 Pau·

174 1479 202 1510 eo
224 1470 277 1508 sunt
298 1461 397 1516 artifices,
420 1462 536 1522 negotium
558 1458 639 1506 habeut
669 1462 710 1517 lus,
729 1463 843 1525 prolapsus
861 1473 896 1510 est
914 1465 936 1511 in
955 1481 1023 1522 eum;
1040 1473 1064 1512 et
1080 1481 1131 1512 curs

174 1543 227 1574 cum
238 1527 317 1586 aliquo,
328 1527 401 1586 agitur
411 1525 493 1578 lorum,
509 1531 532 1570 et
542 1539 638 1586 procon·
670 1528 798 1588 complexus
814 1529 875 1583 onir,
896 1528 934 1574 Ne
949 1531 1129 1576 tumultuamini:

172 1591 235 1638 eules
245 1597 311 1646 sunt;
328 1590 363 1636 alii
374 1590 429 1635 alios
440 1590 509 1650 injus
517 1597 606 1634 vocent.
670 1591 744 1637 anima
752 1593 811 1637 enim
822 1594 869 1654 ejus
881 1594 903 1638 in
914 1593 963 1654 ipso
973 1601 1014 1640 est.

206 1659 240 1700 59
257 1654 333 1714 Siquid
343 1663 417 1699 autem
429 1653 457 1698 de
470 1653 534 1698 rebus
544 1651 592 1698 uiis
603 1667 638 1698 re·
704 1658 730 1700 ll
750 1656 828 1709 Quum
845 1657 912 1717 igitur
931 1658 1070 1711 ascendisset,
1087 1657 1130 1704 fre·

170 1718 267 1782 'quiritis
279 1719 301 1763 io
316 1714 414 1778 legitimi
425 1717 532 1764 concione
542 1716 639 1778 explica·
670 1718 781 1778 gissetque
797 1735 883 1779 panem,
900 1727 922 1765 et
938 1722 1009 1766 eibum
1027 1721 1131 1781 sumpsis-

175 1783 240 1828 bitur.
671 1789 711 1835 set,
723 1783 759 1827 diu
771 1783 909 1842 colloquutus
926 1799 995 1842 usque
1008 1783 1036 1829 ad
1047 1784 1131 1830 dilucu-

207 1849 241 1891 40
257 1844 317 1890 Nam
329 1845 450 1906 periculum
467 1851 501 1890 est
517 1858 545 1890 ne
561 1850 638 1904 postu·
670 1845 723 1898 lum,
735 1846 766 1891 ita
775 1847 865 1890 demum
876 1844 1037 1905 prosectusest.

174 1910 247 1956 lemur
258 1909 369 1956 seditionis
380 1915 470 1970 propter
481 1909 540 1954 nen
552 1909 639 1954 hodier-
705 1912 734 1954 12
752 1909 900 1954 Adduxerunt
910 1915 983 1954 autern
994 1923 1086 1970 puerum
1097 1909 1130 1954 vi·

176 1989 238 2026 num,
263 1988 331 2032 quum
353 1973 414 2018 nullo
435 1973 504 2018 subsit
525 1987 592 2018 causa
612 1971 641 2017 ob
671 1973 871 2026 vum,etsolsmen
888 1980 1018 2034 receperam
1030 1988 1074 2018 non
1086 1987 1132 2020 me

174 2053 242 2098 quam
253 2037 363 2096 possimus
370 2037 462 2082 reddere
471 2036 577 2082 rationem
584 2051 639 2081 eon·
671 2037 750 2082 diocre.

176 2102 254 2147 cursile
265 2101 334 2146 istius.
368 2100 401 2146 Et
417 2115 485 2160 quum
501 2101 555 2146 haec
571 2100 639 2145 dixis-
705 2105 735 2146 ts
751 2104 768 2162 1
777 2099 827 2146 Nos
845 2097 900 2147 verd
918 2101 1029 2162 progressi
1047 2101 1074 2147 ad
1093 2115 1132 2147 oa-

175 2171 217 2219 set,
228 2165 309 2210 dimisit
320 2165 458 2210 concionem.
671 2179 729 2219 vern,
740 2166 838 2226 provecti
849 2179 926 2210 sumus
937 2165 1020 2219 Asson,
1029 2165 1088 2211 illinc
1098 2180 1133 2211 re·

671 2229 755 2289 cepturi
768 2227 878 2273 Paulum:
897 2229 929 2273 sic
939 2230 998 2274 enim
1013 2227 1133 2284 mandirat,

332 2290 407 2340 CAP.
431 2291 489 2337 XX.
670 2291 984 2353 pedibusipseiterfacturus.

233 2355 402 2410 OSTQUAM
419 2353 473 2401 veid
490 2355 583 2406 cenavit
602 2362 638 2401 tu·
706 2359 735 2400 14
754 2354 787 2401 Ut
798 2361 870 2400 autern
882 2355 996 2415 conjunxit
1003 2369 1048 2400 sere
1058 2355 1131 2401 nobis·

257 2421 346 2474 multus,
358 2435 426 2480 quum
438 2416 567 2465 advocrisset
579 2419 639 2466 Pau·
671 2435 722 2464 cum
734 2419 791 2480 apud
802 2418 884 2472 Asson,
895 2425 982 2478 recepto
990 2433 1024 2470 eo,
1034 2418 1134 2464 venimus

175 2483 212 2530 lus
222 2483 345 2545 discipulos,
357 2491 381 2529 et
394 2483 523 2543 complexus
539 2491 603 2536 essct,
615 2498 639 2529 a·
673 2482 806 2543 Mitylenen.

176 2548 217 2594 biit
227 2548 366 2609 profecturus
377 2548 400 2592 in
413 2546 576 2592 Macedoniarn.
707 2549 735 2593 15
753 2547 785 2592 Et
795 2561 863 2606 quum
874 2545 933 2590 illinc
947 2542 1133 2606 enavigtissemus,

210 2616 224 2658 2
242 2611 319 2665 Quum
333 2618 407 2658 autern
424 2611 471 2656 illa's
487 2617 559 2670 partas
575 2625 639 2672 pers·
673 2611 771 2670 sequenti
793 2611 828 2656 die
849 2611 990 2671 pervenimus
1011 2625 1024 2656 e
1044 2611 1135 2671 regione

176 2673 268 2737 grisset,
280 2683 303 2722 et
313 2677 413 2722 hortatus
423 2674 473 2720 illos
483 2673 560 2720 suisset
571 2675 642 2720 multo
675 2673 725 2722 Chii
732 2691 739 2730 ς
757 2675 861 2736 postridie
879 2671 933 2720 verri
949 2674 1072 2734 appulimus
1093 2675 1133 2722 Sa·

176 2755 286 2791 sermone,
298 2739 393 2784 venitin
406 2739 530 2784 Graeciam.
672 2753 749 2795 mum3
766 2747 789 2786 et
799 2755 866 2799 quum
883 2739 985 2784 diversati
1000 2753 1098 2784 essemus
1109 2755 1134 2785 a·

209 2808 226 2848 3
242 2803 275 2848 Et
286 2803 314 2848 ibi
328 2803 422 2862 peractis
438 2803 549 2848 mensibus
566 2802 640 2855 tribus,
672 2803 717 2863 pud
736 2802 883 2866 Trogyllium,
904 2803 1003 2863 sequenti
1018 2803 1053 2848 die
1072 2803 1134 2848 veni-

193 2882 245 2912 uum
257 2868 277 2912 ei
288 2868 311 2912 in
323 2867 409 2926 Syriam
426 2867 558 2926 navigaturo
571 2865 642 2911 sactae
674 2882 723 2912 rnrrs
736 2866 848 2913 Miletum.

176 2881 271 2977 dissent
281 2930 393 2977 aJudaers
404 2929 501 2982 insidiae,
511 2931 595 2975 censuit
603 2945 643 2990 per
707 2935 736 2977 16
754 2931 891 2976 Decreverat
901 2930 961 2974 enim
979 2929 1061 2974 Paulus
1072 2943 1135 2988 prae·

178 2994 335 3040 Macedoniam
347 2995 434 3040 reverti.
673 2995 812 3054 ternavigare
832 2993 953 3052 Ephesum,
973 3007 1001 3036 ne
1019 2991 1059 3050 ipsi
1081 3005 1136 3035 con·

210 3062 226 3103 4
244 3057 396 3105 Comitabatur
412 3065 486 3104 autem
503 3072 553 3102 eunt
571 3073 641 3117 usque
674 3058 770 3116 tingeret
781 3064 868 3116 tempus
885 3061 955 3099 terere
966 3053 988 3097 in
1002 3050 1072 3098 Asia:
1091 3052 1136 3097 fes-

177 3121 201 3168 ἰη
224 3121 302 3169 Asiam
325 3123 418 3183 Sopater
440 3121 586 3167 Beroeensis:
614 3135 643 3166 ex
674 3121 756 3166 tinabat
775 3120 841 3170 enirn,
860 3124 891 3170 ut,
910 3117 927 3161 si
946 3115 992 3180 fleri
1009 3122 1090 3176 posset,
1102 3117 1137 3162 die

178 3185 412 3232 'Ibessalonicensibus
423 3182 483 3238 verd,
493 3185 641 3237 Aristarchus,
674 3189 813 3245 pentecostes
824 3188 882 3226 esset
894 3179 1067 3238 Hierosolymis.

178 3256 202 3294 et
213 3249 334 3304 Secundus,
352 3259 375 3295 et
392 3250 462 3296 Gaius
481 3247 603 3302 Derbaeus,
620 3255 643 3293 et
709 3249 737 3293 17
755 3245 833 3292 Missis
852 3251 925 3290 autem
946 3243 1027 3288 Mileto
1046 3245 1137 3291 nunciet

179 3311 329 3359 'limotheuss
675 3310 797 3370 Ephesum,
815 3309 928 3354 accersivit
944 3307 1084 3368 presbyteros
1100 3322 1125 3354 ec

211 3379 226 3422 5
244 3377 321 3421 Asiam
339 3373 397 3430 versi,
415 3375 528 3436 Tychicus
544 3383 566 3421 et
582 3373 641 3420 Tro·
675 3375 771 3420 clesiaes

180 3441 273 3500 phimus,
293 3443 330 3498 qui
347 3455 414 3500 quum
432 3441 582 3500 praeivissent,
602 3449 641 3484 ex·
710 3443 738 3482 18
756 3438 801 3490 Qui
813 3451 880 3496 quum
893 3435 920 3480 ad
934 3435 1006 3494 ipsum
1018 3433 1138 3488 venissent,

180 3501 307 3564 spectrirunt
317 3519 359 3548 nos
370 3503 465 3549 Troade.
675 3503 730 3548 dixit
738 3502 776 3553 eis,
790 3501 839 3545 Vos
850 3499 910 3545 scitis
921 3497 1032 3558 quomodo
1044 3511 1056 3542 a
1067 3499 1136 3558 prime

212 3571 228 3612 6
245 3565 296 3611 Nos
307 3564 360 3612 verri
375 3567 542 3628 enavigavimus
558 3565 642 3626 Philip·
676 3567 710 3611 die
721 3581 765 3624 quo
776 3565 890 3624 ingressus
901 3576 950 3606 sum
968 3561 1052 3615 Asiam,
1066 3563 1137 3609 vobis·

181 3629 214 3677 uis
224 3636 275 3690 post
286 3629 331 3675 dies
347 3645 486 3690 azymorum,
503 3636 526 3675 et
541 3631 643 3675 venimus
676 3643 726 3674 cum
737 3643 776 3688 per
787 3627 809 3672 id
820 3641 886 3671 omne
897 3631 985 3684 tempus
996 3625 1082 3680 luerim,

183 3693 209 3739 td
219 3707 258 3738 eos
269 3691 379 3740 Troadem
396 3696 454 3739 intra
470 3695 516 3740 dies
530 3693 643 3753 quinque;
710 3694 740 3738 19
760 3690 864 3736 Serviens
885 3688 985 3735 Domino
996 3719 997 3722 =
1007 3703 1058 3736 cum
1080 3704 1137 3737 omn

183 3755 217 3802 vii
227 3755 315 3816 egimus
325 3757 371 3804 dies
382 3764 473 3817 septem.
676 3751 789 3808 modestis
801 3761 824 3802 et
838 3752 913 3800 multis
928 3751 1036 3811 iacrymis
1050 3769 1075 3801 sc
1089 3761 1135 3801 bn·
