2756 4320
541 419 658 475 Luca,
682 421 738 468 XV.

181 530 212 572 29
223 523 257 570 Ut
265 540 295 571 ne
303 532 426 586 postquam
435 524 536 585 posuerit
544 521 623 571 funda-
656 539 704 571 mas
722 525 805 580 decem,
822 532 845 572 et
861 524 980 587 perdiderit
995 525 1118 572 drachmum

152 595 254 643 mentum,
276 596 301 634 et
323 604 371 634 non
394 589 494 649 potuerit
513 587 625 650 perficere,
656 605 730 642 unarn,
742 604 788 634 non
799 589 898 636 accendit
909 590 1027 644 iucemarn,
1039 598 1118 636 ctvcr·

152 653 274 713 omnesqui
286 651 418 714 specthrint,
430 653 538 714 incipiant
551 653 581 698 illi
598 653 625 698 il·
656 654 685 698 rit
701 653 799 707 domum,
815 654 942 714 quaeritque
957 651 1065 710 accurati,
1083 671 1115 701 ua
1207 692 1211 703 .

154 717 238 772 ardere3
656 732 743 777 quequo
754 733 804 763 eom
816 717 943 764 invenerit?

183 785 215 826 50
226 780 345 834 Dicentes,
352 779 434 826 Homo
440 781 482 826 iste
488 780 625 841 coepitaedi-
689 786 704 828 9
722 781 815 828 Etenna
829 789 901 834 nacta,
916 789 1026 828 convocat
1040 781 1120 830 amicas

153 844 222 900 ficare,
234 851 258 890 et
268 860 316 891 non
327 845 401 906 potuit
413 846 548 908 occipicium
559 844 625 906 perfi-
656 859 682 891 ac
693 844 783 898 vicinas,
795 845 877 900 dicens,
891 846 1038 893 Gratuiamini
1050 847 1103 892 mihi
1114 864 1121 904 ς

152 924 207 955 cere
657 924 708 954 nam
719 908 793 954 inveni
805 909 931 956 drachmam
943 925 1009 971 quam
1020 911 1115 972 perdide·

172 977 200 1018 al
214 971 265 1018 Aut
272 970 522 1034 quiarexprohciscens
533 977 557 1016 ut
563 987 625 1018 com·
657 987 710 1018 ram.

153 1037 225 1082 mittat
235 1036 345 1098 praelium
359 1033 467 1082 adversis
483 1035 576 1082 alterum
588 1052 623 1082 re·
690 1040 720 1082 10
737 1034 773 1082 Ita
783 1035 833 1082 dico
844 1037 913 1091 vobis,
929 1037 1035 1098 gaudium
1050 1045 1084 1083 eat
1099 1039 1122 1086 in

154 1115 211 1162 gem,
231 1115 278 1146 non
294 1097 357 1160 pride
374 1099 487 1145 consultat
500 1100 623 1154 considens,
654 1110 775 1160 conspectu
791 1100 922 1161 angelorum
934 1099 980 1146 Dei
996 1116 1062 1162 super
1078 1117 1122 1150 unu

155 1179 181 1211 an
191 1165 263 1226 possit
274 1179 326 1209 cum
343 1164 420 1209 decem
437 1163 534 1209 millibus
545 1179 623 1210 occur·
653 1171 770 1225 peccatore
783 1163 930 1224 resipiscente

155 1229 244 1274 :ereilli
255 1227 293 1288 qui
306 1242 358 1272 curn
375 1227 454 1288 viginti
472 1227 567 1274 millibus
583 1244 623 1274 ve·
689 1231 715 1272 11
735 1227 777 1274 Ait
797 1237 878 1283 eutem,
907 1227 1004 1281 Quidam
1031 1228 1122 1278 habehat

156 1292 186 1338 nit
196 1289 305 1338 adverada
316 1292 388 1352 ipsum
398 1291 410 1334 i
653 1292 709 1336 duos
720 1290 795 1348 filio„

185 1359 219 1401 32
235 1355 351 1415 Alioquin,
360 1370 429 1415 quum
441 1355 513 1401 adhuc
524 1355 560 1402 ille
570 1371 623 1416 pro·
689 1358 718 1401 12
736 1355 839 1410 Quorum
845 1355 923 1417 Junior
933 1357 990 1403 dixit
999 1357 1063 1418 patri,
1074 1356 1119 1404 Pa-

155 1419 190 1465 cui
200 1425 241 1474 est,
252 1419 366 1480 legatione
377 1416 451 1472 missii,
462 1427 527 1480 rogat
535 1435 561 1466 ea
569 1435 625 1480 quae
654 1426 695 1474 ter,
707 1420 735 1466 da
745 1420 798 1466 mihi
809 1428 893 1482 partem
905 1421 1077 1468 substantiaend
1085 1438 1120 1469 me

155 1484 182 1530 ad
192 1499 271 1545 pacem
282 1489 390 1544 spectant.
654 1484 792 1531 attinentem.
825 1486 871 1532 Ille
881 1485 949 1547 igitur
960 1486 1034 1532 divisit
1042 1486 1074 1532 eis
1086 1485 1119 1534 fa·

186 1551 219 1594 ³3
236 1547 274 1593 Sia
285 1562 348 1607 ergo,
357 1547 456 1607 quisquis
467 1546 566 1593 vestrim
578 1563 624 1594 non
654 1548 754 1594 cultates.

147 1611 257 1658 ‘valedicit
268 1611 370 1657 omnibus
380 1611 445 1656 bonis
462 1611 514 1666 suis,
525 1627 572 1658 non
583 1625 624 1672 po-
689 1616 719 1657 15
737 1611 793 1658 Post
812 1613 858 1659 dies
877 1621 950 1660 autem
967 1629 1013 1660 non
1031 1613 1120 1668 multos,

156 1683 199 1722 tcst
209 1690 274 1721 meus
284 1690 334 1721 esse
345 1675 472 1736 discipulus.
655 1677 768 1738 congestis
786 1678 895 1733 omnibus,
911 1679 989 1740 junior
1008 1678 1045 1724 ille
1063 1677 1121 1726 filius

186 1743 219 1785 54
236 1739 318 1802 Bonus
328 1739 419 1785 estsai:
439 1735 624 1787 siverdsaiinfa·
656 1736 750 1802 peregrd
770 1741 883 1802 profectus
904 1750 939 1787 est
959 1742 984 1786 in
1005 1740 1120 1802 regionem

155 1810 229 1850 tuatus
239 1801 315 1856 suerit,
326 1818 371 1863 quo
381 1803 518 1850 condietur?
654 1803 815 1864 longinquam
835 1813 858 1851 et
875 1805 919 1850 unc
936 1805 1051 1865 dissipavit
1069 1806 1121 1851 auh·

187 1871 219 1914 35
236 1865 355 1928 Nequead
363 1874 444 1913 terram
453 1867 559 1928 nequead
567 1874 624 1914 ster·
655 1869 759 1914 stantiam
771 1883 840 1922 suam,
851 1864 942 1928 profusd
955 1867 1059 1914 vivendo.

156 1931 271 1992 quilininm
290 1931 403 1992 appositus
420 1937 471 1977 est:
497 1927 556 1977 fords
573 1947 624 1978 eurn
690 1935 720 1976 14
738 1931 815 1985 Quum
832 1939 906 1978 autem
923 1932 997 1977 omnia
1010 1931 1121 1992 ipsecon·

156 1996 268 2057 abjiciunt
302 1995 349 2048 Qui
365 1996 431 2042 habet
447 2010 511 2042 aures
522 1995 550 2042 ad
563 1997 625 2042 audi-
656 1995 792 2056 sumpsisset,
811 2003 860 2042 orta
877 2002 911 2042 est
928 1994 998 2042 fames
1012 1995 1085 2044 valida
1099 1997 1121 2043 in

156 2060 246 2114 endum,
258 2059 338 2105 audiat.
656 2061 748 2120 regione
758 2058 810 2118 1113
828 2067 851 2106 et
864 2061 911 2122 ipse
927 2061 1000 2122 coepit
1010 2062 1071 2108 victa
1083 2061 1121 2108 de·

655 2123 707 2170 fici:

315 2185 391 2234 cAP.
415 2186 472 2234 XV.
690 2191 719 2235 15
737 2188 799 2234 Abiit
809 2189 877 2250 igitur
892 2197 914 2235 et
932 2190 1029 2237 adhaesit
1045 2190 1121 2236 uniex

222 2249 440 2300 CCEDEBANT
450 2257 523 2304 autem
535 2251 624 2298 adeum
656 2253 741 2298 civibus
752 2253 849 2313 regionis
860 2253 934 2310 illius;
951 2255 987 2313 qui
1001 2255 1061 2300 misit
1071 2269 1121 2300 eum

178 2357 181 2360 Α
248 2331 326 2362 omnes
335 2316 446 2376 publicani
459 2325 482 2362 et
492 2323 626 2377 peccatores,
657 2317 680 2362 iu
692 2331 829 2377 agressum,
841 2323 866 2370 ut
877 2323 976 2376 pasceret
986 2332 1073 2377 porcos.

158 2385 182 2424 ut
192 2393 244 2424 eum
255 2379 363 2426 audirent.
691 2384 721 2426 16
739 2379 771 2425 Et
779 2380 915 2425 desiderabat
923 2379 1013 2440 implere
1022 2389 1121 2427 ventrem

190 2447 206 2487 2
225 2443 259 2490 Et
279 2443 447 2490 murmurabant
469 2443 581 2490 Pharisaei
603 2451 627 2491 et
657 2459 722 2490 auum
734 2443 824 2504 siliquis,
836 2459 890 2504 quas
901 2444 994 2489 edebant
1005 2444 1081 2506 porci:
1100 2453 1121 2491 ei

158 2508 247 2562 scribae,
259 2507 364 2562 dicentes,
375 2505 422 2554 Iste
430 2515 557 2569 peccatores
569 2509 625 2555 reci·
658 2524 724 2554 nemo
736 2508 755 2554 ei
768 2508 838 2554 dabat.

157 2571 194 2630 pit,
206 2578 230 2617 et
240 2571 286 2618 edit
296 2587 347 2618 cum
356 2572 395 2618 eis.
692 2575 720 2619 17
739 2572 817 2626 Quum
835 2579 908 2618 autem
928 2571 956 2618 nd
975 2588 999 2618 se
1017 2573 1121 2628 rediisset,

188 2639 205 2680 5
222 2634 275 2696 Ipse
293 2632 348 2682 verd
366 2635 471 2696 loquutus
489 2643 522 2682 est
542 2637 569 2683 ad
588 2653 627 2683 eos
657 2637 718 2690 dixit,
732 2637 796 2690 Quot
813 2637 940 2682 mercenarii
957 2638 1025 2699 patris
1041 2639 1083 2684 mei
1097 2653 1121 2686 a·

158 2699 213 2744 hanc
224 2699 357 2760 parabolam,
369 2699 451 2754 dicens,
657 2701 754 2747 bundeni
765 2701 862 2762 panibus,
880 2717 924 2764 ego
941 2699 994 2749 vend
1008 2702 1068 2750 fame
1081 2719 1121 2766 pe-

188 2767 205 2808 4
223 2763 320 2816 Quisex
331 2763 432 2818 vobissi
448 2764 626 2810 habeatcentum
659 2764 713 2812 reo!

158 2841 217 2881 oves,
229 2833 252 2873 et
262 2827 382 2888 perdiderit
397 2842 465 2874 unam
481 2842 510 2874 ex
520 2828 569 2883 illis,
581 2844 627 2874 non
691 2833 719 2875 18
738 2830 837 2892 Surgens
852 2829 977 2892 proficiscar
993 2833 1021 2878 ad
1037 2839 1121 2894 patrem

159 2891 262 2952 relinquit
272 2891 320 2938 illas
331 2892 455 2952 nonaginta
465 2907 545 2938 novem
554 2893 577 2938 in
586 2893 625 2938 de·
656 2907 737 2948 meum,
749 2902 772 2940 et
782 2895 853 2940 dicam
867 2895 894 2949 ei,
914 2895 987 2950 Pater,
998 2897 1088 2958 peccavi
1098 2898 1122 2943 in

158 2962 224 3009 serto,
236 2961 259 3001 et
269 2955 314 3002 abit
324 2955 412 3002 adeam
426 2971 482 3016 quae
498 2956 569 3017 periit,
587 2971 625 3002 us·
656 2957 742 3002 coelum
754 2965 777 3004 et
786 2958 810 3004 in
821 2966 861 3004 tuo
872 2966 992 3020 conspeetu
1001 2976 1009 3014 ;

159 3019 254 3078 quedum
265 3034 314 3066 eam
326 3019 453 3072 invenerit?
691 3025 720 3068 19
737 3021 818 3081 Neque
829 3013 922 3082 ampiid's
931 3038 979 3067 sum
991 3022 1071 3082 dignus
1080 3036 1121 3068 vo·

190 3085 206 3128 5
223 3081 256 3129 Et
266 3098 317 3130 eam
328 3090 407 3130 nactus
414 3083 508 3146 imponit
515 3084 537 3130 in
546 3085 625 3130 hume·
655 3084 700 3130 cari
711 3083 768 3130 filius
779 3091 845 3130 tuns:
864 3083 899 3130 fac
915 3100 951 3130 me
967 3091 992 3130 ut
1008 3100 1076 3131 unum
1093 3101 1121 3132 ex

159 3161 195 3193 roa
206 3162 259 3193 suos
269 3147 384 3209 gaudena:
655 3147 796 3194 mercenariis
806 3147 857 3192 tuis.

191 3215 206 3258 6
233 3209 379 3272 Veniensque
399 3211 490 3257 domum
517 3219 627 3259 convocat
690 3215 723 3258 20
750 3211 850 3272 Surgens
871 3210 939 3272 igitur
960 3213 1073 3258 contendit
1095 3214 1121 3260 ad

160 3274 241 3320 unicos
252 3281 275 3320 et
286 3275 378 3330 vicinos,
392 3275 468 3322 dicens
483 3276 522 3330 eis,
542 3276 626 3322 Gratu-
656 3282 740 3338 patrem
758 3290 830 3322 suum.
864 3275 942 3329 Quum
961 3285 1034 3321 nutem
1051 3277 1122 3323 adhuc

161 3337 233 3384 lamini
245 3339 298 3384 mihi
305 3357 313 3397 ;
330 3354 381 3385 nam
393 3339 467 3386 inveni
480 3355 545 3386 ovem
553 3354 626 3386 meam
656 3336 725 3402 longe
736 3341 828 3394 abesset,
839 3339 894 3386 vidit
905 3355 956 3386 eum
971 3351 1033 3402 pater
1046 3341 1121 3402 ipsius,
1213 3334 1218 3342 ’

161 3415 215 3462 quae
226 3403 327 3464 perierat.
540 3447 542 3450 ,
657 3415 680 3450 et
690 3401 767 3450 intimi
778 3402 927 3450 misericordia
942 3412 1016 3450 motus
1032 3413 1083 3461 est;
1099 3419 1121 3452 et
1165 3411 1167 3415 '

192 3468 208 3513 7
223 3465 285 3513 Dico
295 3467 365 3522 vobis,
377 3467 408 3512 ita
417 3467 465 3514 fore
481 3467 627 3528 gaudiumjn
657 3484 774 3515 accurrens
791 3468 867 3515 incidit
886 3468 908 3515 in
927 3468 1009 3514 collum
1028 3471 1082 3532 ejus,
1099 3481 1121 3516 et

162 3529 222 3576 noelo
229 3545 295 3592 super
302 3547 346 3577 uno
353 3539 468 3592 peccatore
480 3532 627 3592 resipiscente,
657 3533 796 3580 deosculatus
807 3539 841 3578 est
854 3547 913 3578 eum.

164 3591 309 3655 napiqudm
327 3609 392 3656 super
409 3596 531 3658 nonaginta
546 3611 627 3642 novem
690 3600 718 3642 21
739 3596 806 3643 Dixit
826 3603 900 3642 autem
922 3594 941 3641 ei
963 3594 1027 3652 iilius,
1048 3595 1119 3654 Pater,

167 3656 234 3719 iustis,
252 3659 331 3720 quibus
348 3674 394 3706 non
413 3675 469 3722 opus
486 3665 521 3706 eat
540 3661 626 3721 resipis·
657 3661 746 3722 peccavi
762 3660 785 3706 in
800 3659 887 3706 coelum
897 3665 921 3705 et
931 3659 954 3706 in
965 3667 1004 3708 tuo
1015 3677 1119 3724 conspec-

166 3717 239 3768 arria
658 3730 688 3777 tu,
704 3739 776 3786 neque
786 3723 867 3788 d'gnua
884 3738 933 3770 aum
944 3723 1037 3788 ampliiia
1049 3729 1120 3774 vocari

196 3787 210 3830 8
222 3784 267 3832 Ani
277 3800 334 3846 quae
340 3785 440 3896 mulie&
435 3786 453 3833 si
461 3786 538 3833 habeat
547 3785 625 3833 drach·
657 3787 714 3834 iilius
725 3795 783 3835 tuua
