2720 4312
457 384 477 426 1.
497 380 545 426 AD
558 378 778 435 CORINTHIOS,
798 379 854 428 XV.

159 497 213 536 uss,
235 491 278 529 sut
299 484 427 546 spiritualis,
449 492 557 545 agnoscat
577 500 633 545 quse
662 484 1119 546 citatuqinsnevideiicetesiprseconiurr

160 547 598 594 scribovobisesseDominimsndats.
662 556 768 602 nostrum,
785 549 1122 598 inanissuternesteticmfides
1201 589 1205 598 .

190 613 224 654 3⁸
242 609 361 664 Qui'verd
377 612 472 672 ignarus
486 620 527 659 est.
543 613 633 672 ignarus
662 625 743 658 vestra.
904 607 915 633 l

162 680 216 718 sato.
696 679 724 721 15
743 675 875 736 Reperimur
895 683 968 722 autern
990 676 1055 722 etism
1075 676 1121 723 seis

191 740 225 784 ³9
242 735 332 796 Itaque,
343 737 431 784 iratres.
443 738 524 784 ambite
538 739 632 800 prophe·
662 746 728 785 testes
742 739 801 784 Dei:
819 740 923 799 quonism
934 740 961 786 de
975 739 1029 786 Deo
1046 740 1111 787 testid

161 799 221 846 midi
229 800 325 855 donum,
337 809 360 846 et
371 801 432 862 loqui
449 803 530 862 linguis
540 817 569 848 ne
579 819 632 863 pro·
661 812 703 848 cen
715 818 797 856 sumus,
809 819 860 848 eum
872 800 989 850 suscitisse
1001 802 1118 858 Christum

161 861 242 910 bibere.
661 881 726 924 quem
737 874 813 913 tamen
829 881 874 912 uon
891 867 1010 920 suscitarit,
1027 869 1045 914 si
1061 869 1119 914 r'de·

192 929 227 972 40
244 927 332 974 Omnia
342 928 444 974 decenter
453 937 476 974 et
484 928 561 975 ordine
572 929 632 974 fiant.
662 929 713 974 licet
724 931 804 974 mortui
816 944 861 974 uon
872 930 1012 976 suscitantur.

697 997 726 1038 16
744 993 803 1038 Naro
821 992 838 1038 si
855 993 935 1038 mortui
952 1008 997 1039 non
1014 994 1110 1042 suscita

323 1053 398 1102 CAP.
423 1054 478 1102 XV.
662 1063 704 1110 tur,
718 1055 821 1103 Christus
832 1070 919 1115 quoque
931 1071 974 1101 non
986 1066 1020 1102 est
1030 1059 1114 1104 suscita

166 1117 398 1234 CAETERUM
409 1126 488 1164 notum
499 1119 556 1166 facio
563 1119 632 1173 vobis,
663 1127 706 1164 tus.

251 1182 340 1234 fratres,
349 1183 489 1243 evangelium
496 1184 556 1243 quod
563 1197 632 1228 eran·
697 1186 726 1230 17
744 1179 812 1236 Qudd
819 1183 836 1228 si
847 1179 950 1229 Christus
958 1198 1002 1228 oon
1011 1190 1044 1230 cst
1052 1200 1122 1233 mcci·

163 1244 265 1304 gdiznvi
279 1246 346 1298 robis
363 1247 423 1305 quod
439 1254 462 1292 et
475 1247 594 1311 accepistis,
610 1247 633 1292 in
663 1252 728 1301 tatus,
745 1247 816 1292 inanis
831 1245 1030 1302 estfidesveum
1052 1250 1122 1297 adbuc

164 1323 209 1366 quo
220 1311 291 1355 etiarn
303 1310 364 1355 statis
376 1326 384 1365 ;
663 1311 716 1356 estis
727 1309 749 1357 in
760 1311 855 1372 peccetis
866 1311 952 1356 vestris.

197 1376 213 1416 2
232 1372 280 1418 Per
290 1373 350 1432 quod
360 1373 433 1426 etium,
445 1373 463 1418 si
475 1373 573 1418 retinetis
589 1389 634 1433 quo
698 1378 726 1419 18
744 1373 832 1435 Nempe
842 1379 865 1420 et
875 1374 912 1434 qui
923 1374 1088 1422 obdormierunt
1101 1377 1123 1424 iu

166 1449 272 1482 sermone
287 1437 349 1482 vobis
365 1437 574 1497 evangelizaverim,
586 1453 632 1482 ser·
665 1435 761 1490 Christo,
772 1439 890 1484 uerierunt.

168 1501 266 1554 tamini3
285 1500 325 1545 nisi
338 1500 355 1545 si
367 1497 448 1546 irrisui
457 1501 582 1546 credidistis
699 1505 727 1548 lo
743 1503 761 1549 S
778 1504 801 1548 in
813 1499 853 1548 bric
864 1499 935 1548 soldrn
951 1500 996 1549 vict
1012 1519 1123 1566 speremus

198 1567 215 1606 5
239 1563 330 1609 Tradidi
357 1565 417 1609 enim
444 1565 506 1611 vobis
527 1565 634 1625 imprimis
663 1564 685 1610 in
704 1564 824 1620 chranum,
841 1567 956 1612 miserrimi
970 1569 1068 1614 omnium
1082 1569 1123 1616 iro·

167 1627 227 1684 quod
247 1635 271 1672 et
292 1627 373 1687 accepi,
396 1626 511 1674 Christum
533 1629 634 1674 videlicet
664 1629 747 1675 minum
759 1645 841 1676 sumus.

168 1699 282 1735 mortuum
302 1706 351 1736 esse
369 1707 410 1752 pro
429 1693 523 1752 peccatis
545 1693 633 1747 nostris,
695 1697 727 1740 20
743 1693 812 1739 Nunc
822 1701 895 1740 sutem
912 1692 1015 1741 Christus
1031 1697 1123 1742 suscite-

169 1751 291 1799 secunddm
303 1754 435 1814 scripturus3
664 1765 699 1802 tus
710 1764 744 1802 est
755 1771 783 1802 ex
792 1757 891 1807 mortuis.
902 1765 924 1802 et
932 1757 1040 1816 primitiae
1047 1773 1123 1804 eorum

201 1821 217 1861 4
235 1817 268 1862 Et
285 1818 397 1878 sepultum
411 1819 485 1872 fuisse,
501 1825 524 1864 et
541 1819 633 1865 suscita·
664 1821 700 1878 qui
712 1819 876 1865 obdormierunt
886 1819 957 1865 sactus
968 1827 1008 1865 est.

169 1890 216 1925 tum
228 1882 294 1926 tertio
306 1881 347 1935 die,
359 1881 479 1928 secunddm
491 1883 623 1944 scripturas:
696 1887 724 1928 21
745 1883 805 1936 Quin
815 1883 874 1928 enim
885 1898 924 1942 per
935 1883 1046 1928 bominem
1059 1899 1125 1933 mom.

202 1947 217 1990 5
235 1943 268 1990 Et
279 1945 344 1990 visun
367 1945 435 1992 tuisse
447 1945 543 2007 Cepbae,
555 1947 634 1993 deinde
664 1962 703 2006 per
711 1947 821 1993 bominem
831 1961 918 2006 quoque
927 1948 1056 1993 resurrectio
1065 1963 1123 1994 mor·

170 2007 286 2054 duodecim
297 2009 355 2054 iliis:
665 2018 760 2056 tuorurn.

202 2077 218 2118 6
237 2071 319 2118 Postea
334 2073 395 2118 visus
411 2081 445 2118 est
459 2071 553 2134 amplids
568 2070 634 2134 quim
697 2079 727 2120 22
745 2075 806 2121 Sicut
824 2074 883 2120 enim
902 2075 924 2120 in
944 2075 1031 2121 Ademo
1049 2091 1124 2124 ornnes

170 2135 299 2196 quingentis
317 2136 419 2182 iratribus
437 2138 519 2192 seme13
537 2153 566 2192 err
584 2139 634 2198 qui·
664 2140 793 2192 moriuntur,
814 2139 844 2184 ita
862 2139 923 2184 etin
941 2139 1031 2186 Christo
1048 2157 1125 2188 omncs

171 2199 211 2244 bus
236 2199 334 2260 plerique
354 2208 445 2246 manent
467 2216 536 2260 usque
556 2202 634 2256 adbuc,
665 2202 839 2248 vivificabuntur.

172 2263 259 2322 quidam
270 2272 344 2309 eutem
355 2264 527 2310 obdormierunt.
697 2270 728 2310 25
748 2265 904 2324 Unusquisque
911 2273 984 2311 autern
992 2281 1032 2311 suo
1039 2267 1125 2313 ordine:

204 2329 218 2372 7
237 2326 539 2383 Postesvisusestdacob03
557 2328 635 2374 deinde
665 2329 772 2388 pn'mitiue
791 2326 900 2381 Christus,
922 2337 1000 2388 postes
1017 2331 1054 2389 qui
1074 2340 1123 2376 sunt

172 2390 275 2450 apostolis
287 2391 395 2436 omnibus.
666 2391 757 2442 Christi,
769 2391 791 2435 in
803 2392 899 2436 adventu
910 2391 992 2451 ipsius:

204 2457 219 2498 8
237 2453 324 2500 Ultimo
336 2451 390 2500 verd
405 2455 512 2508 omniurn,
525 2455 585 2500 velut
596 2457 634 2502 ab·
697 2459 729 2500 24
746 2454 835 2500 Deinde
846 2455 889 2499 erit
901 2454 956 2508 linis,
974 2469 1042 2514 quum
1058 2456 1113 2501 tradi

173 2517 252 2568 ontio,
264 2517 324 2563 visus
335 2526 370 2563 est
380 2519 446 2563 etiam
458 2519 517 2564 mibi.
664 2519 720 2565 derit
735 2533 828 2579 regnum
847 2516 898 2563 Deo
915 2533 940 2564 nc
959 2517 1036 2573 Patri3
1058 2535 1125 2580 quum

205 2587 219 2628 9
237 2581 290 2642 Ego
301 2582 360 2627 enim
371 2597 420 2628 sum
432 2582 535 2628 minimus
544 2591 634 2642 aposto·
664 2583 783 2628 aboleverit
802 2597 868 2627 omne
890 2582 1011 2642 imperium,
1033 2590 1056 2629 et
1077 2600 1126 2630 orn·

173 2644 251 2698 iorum,
272 2645 310 2705 qui
329 2660 374 2704 non
394 2661 443 2690 sum
463 2646 543 2706 dignus
561 2647 634 2692 vocari
665 2661 715 2692 nem
727 2647 847 2708 potentiam
859 2653 881 2692 et
893 2647 1003 2694 virtutem.

173 2708 300 2768 apostolus;
321 2717 437 2768 propterea
447 2707 634 2770 quddpersequu-
696 2715 727 2758 25
745 2711 805 2758 Nam
816 2719 904 2772 oportet
914 2727 964 2757 enm
980 2725 1072 2773 regnare
1089 2727 1125 2759 us·

174 2778 208 2816 tus
220 2787 268 2817 sum
280 2773 395 2818 eeclesiam
408 2772 460 2818 Dei.
664 2789 751 2835 quequo
762 2790 839 2822 omnes
850 2776 951 2822 inimicos
959 2777 1076 2838 subjecerit
1086 2794 1114 2839 pe

207 2839 237 2880 10
254 2835 299 2882 Sed
316 2833 388 2896 grstii
407 2835 450 2882 Dei
469 2852 517 2882 sum
535 2836 558 2882 id
576 2836 636 2897 quod
664 2839 726 2884 dibus
737 2840 791 2900 ejus.

151 2910 154 2917 ·
174 2913 235 2945 sum:
254 2907 277 2944 et
285 2900 357 2960 petia
364 2901 419 2961 ejus,
427 2901 511 2959 quaein
521 2915 557 2946 me
564 2902 634 2947 collu-
697 2906 727 2949 26
747 2901 845 2949 Ultimus
855 2911 931 2948 autem
943 2903 1013 2948 bostis
1029 2904 1123 2950 aboletur

174 2970 253 3015 tuest,
272 2977 316 3008 non
334 2963 376 3009 tuit
393 2963 470 3017 inanis,
489 2965 527 3010 sed
543 2962 636 3024 umplids
664 2980 732 3012 mors.

174 3022 239 3085 quim
256 3026 285 3071 illi
302 3041 380 3073 omnes
394 3026 505 3074 laboravi:
529 3043 575 3074 non
591 3044 635 3089 ego
697 3033 727 3075 27
745 3029 805 3074 Nam
817 3027 893 3074 omnia
903 3027 994 3087 subjecit
1005 3029 1045 3073 sub
1061 3029 1126 3088 pedes

174 3097 254 3141 umen,
262 3089 300 3134 sed
307 3090 379 3149 gratia
387 3090 432 3136 Dei
439 3105 495 3150 qune
502 3107 588 3137 mecum
596 3100 634 3138 est.
665 3095 719 3154 ejus.
754 3093 831 3145 Quum
846 3098 919 3135 nutem
931 3089 1126 3138 dicitomniaesse

209 3156 234 3198 11
255 3152 286 3198 Et
297 3169 341 3213 ego
347 3154 420 3214 'igitur
430 3162 453 3200 et
464 3155 493 3200 ilii
504 3156 535 3201 its
549 3157 635 3216 proedi-
665 3157 687 3202 ei
697 3157 800 3216 subjecta,
811 3153 883 3214 pelam
894 3159 929 3198 est
938 3153 980 3199 boc
990 3154 1039 3199 dici
1045 3163 1126 3217 except

175 3229 256 3268 cemus,
267 3225 290 3262 et
302 3217 332 3262 iu
342 3218 471 3264 credidistis.
666 3227 689 3264 to
700 3235 727 3264 eo
739 3219 775 3278 qui
787 3217 878 3278 subjecit
888 3215 908 3261 ei
920 3215 1001 3262 omnia.

210 3284 237 3324 12
255 3277 322 3333 Quid
331 3281 349 3340 si
357 3278 460 3328 Christus
466 3281 635 3342 praedicatores
698 3286 729 3328 28
747 3281 868 3340 Postquam
877 3275 931 3326 verd
939 3280 1036 3339 subjecta
1046 3279 1126 3328 suerint

178 3343 267 3388 mortuis
278 3345 395 3390 suscitatus
405 3360 460 3396 esse,
477 3345 588 3405 quomodo
602 3346 635 3391 di·
665 3346 685 3393 ei
697 3346 776 3399 omnin,
793 3352 845 3392 tunc
856 3351 879 3390 et
890 3343 936 3405 ipse
948 3341 1017 3390 Filius
1028 3345 1126 3406 subjicio·

181 3413 228 3451 ,unt
238 3407 325 3466 quidam
340 3406 396 3453 inter
413 3424 460 3461 ros,
478 3423 519 3454 nos
535 3424 583 3454 esse
601 3425 635 3455 re·
666 3411 738 3457 turci
758 3409 795 3470 qui
814 3409 906 3470 subjecit
926 3407 966 3468 ipsi
988 3409 1079 3465 omnin5
1105 3415 1127 3457 ui

177 3470 332 3515 surrectionem
344 3471 498 3518 mortuorum?
667 3473 732 3520 Deus
744 3475 772 3519 sit
782 3473 857 3518 omnis
867 3473 889 3518 in
901 3470 1009 3517 omnibus.

209 3536 238 3578 15
256 3532 315 3579 Num
327 3529 346 3580 si
357 3536 487 3582 resurrectio
498 3546 635 3582 mortuorum
699 3542 730 3584 29
747 3536 835 3595 Alioqui
848 3535 900 3596 quid
915 3533 997 3581 facient
1012 3534 1049 3595 qui
1066 3535 1124 3582 ubir-

178 3605 267 3650 souest,
281 3595 383 3646 Christus
393 3614 480 3659 quoque
491 3609 636 3646 nonestsus·
667 3601 727 3646 tione
738 3609 830 3648 utuntur
844 3613 910 3660 super
926 3598 1026 3653 mortuis,
1043 3599 1060 3646 si
1078 3613 1127 3645 om·

177 3665 253 3706 nurus
667 3662 1020 3720 nindmortuinorrsuscitsntur;
1042 3666 1123 3712 curuli*

210 3727 236 3766 14
257 3725 277 3774 Q
289 3721 321 3766 ,δέ
337 3724 352 3768 ri
366 3721 468 3832 leppinus
479 3740 523 3770 non
535 3733 569 3771 est
585 3741 634 3772 sus·
667 3726 750 3772 iutione
761 3735 853 3774 utuntur
863 3741 928 3790 super
939 3728 1049 3792 mortuis?
