2720 4312
366 371 516 422 JOANNIS
533 370 773 428 APOCALYPSIS,
796 371 851 429 XV,
868 371 938 421 XVI.

166 482 196 529 rit
206 495 296 528 vineam
305 485 385 533 terrae,
397 485 419 524 et
428 478 632 540 misitinmagnum
695 481 710 524 2
727 477 788 524 Abiit
804 477 872 540 igitur
887 478 971 541 primus
986 481 1089 540 angela.
1104 497 1124 529 er

166 545 225 594 llum
236 544 310 590 lacum
322 543 369 589 irae
380 541 435 588 Dei.
663 539 739 588 effudit
749 541 843 604 phialam
854 558 917 590 auam
931 544 954 590 in
965 549 1063 600 terrama
1079 543 1115 594 ian

121 657 124 665 ,
197 612 230 655 20
246 607 280 654 Et
288 607 386 654 calcatus
394 604 632 652 estlacusextraciri-
662 612 754 666 tumque
770 613 804 652 est
821 605 884 654 ulcus
898 607 981 655 malum
995 621 1021 654 ac
1035 607 1127 657 noxium

167 679 251 727 tatem;
267 670 382 731 esdrirque
394 670 484 730 sanguis
500 685 513 716 e
528 669 578 716 lacu
595 685 633 715 us-
662 666 771 716 adverada
786 669 887 718 homines
902 674 939 733 qui
955 677 1061 724 latrabant
1075 676 1127 722 cba-

168 751 209 798 que
223 735 252 782 ad
269 734 358 780 fraenos
376 749 491 794 equorum,
510 749 550 796 per
565 734 635 780 stadia
664 739 770 779 raeterem
781 734 869 790 bestiae,
877 742 901 782 et
911 747 950 778 eoa
961 747 998 792 qur
1008 739 1126 784 nuorobaut

169 799 226 846 mille
237 806 350 845 sexcenta
382 833 385 841 .
664 797 784 857 imaginem
795 799 850 857 ejus.

184 861 187 866 ’
696 865 712 905 3
729 860 819 906 Deinde
830 861 939 908 secundus
949 862 1043 924 angelus
1053 863 1128 914 dud!

325 923 401 974 CAP.
418 923 476 970 XV.
664 923 759 986 phialam
771 924 864 970 suamiu
875 940 948 982 mare;
959 925 1128 988 factamquses

236 987 351 1037 EINDE
369 989 415 1034 vidi
431 987 491 1034 aliud
507 988 596 1049 signum
612 987 636 1034 in
665 989 724 1034 ittae
734 987 794 1048 quasi
806 1003 872 1034 cruor
882 989 1010 1036 sedaverint
1023 997 1047 1036 et
1057 990 1128 1051 qnod·

172 991 232 1110 D
253 1053 316 1100 coelo
335 1067 443 1114 magnum
463 1059 486 1098 et
503 1051 636 1104 admirabile,
665 1065 752 1111 cunque
763 1051 844 1099 animal
858 1052 946 1099 vivebat
961 1053 984 1098 in
995 1054 1057 1108 mari,

172 1112 261 1180 tngeina
272 1117 322 1164 illos
336 1125 422 1177 septem
439 1116 544 1162 habentes
560 1115 636 1176 plagas
666 1121 729 1161 tuum
738 1122 780 1161 est.
1052 1137 1054 1141 ·

172 1189 254 1242 eptem
265 1179 361 1234 ultimas
374 1179 480 1240 quoniam
488 1195 527 1242 per
538 1179 585 1226 illas
594 1193 636 1225 ex-
698 1181 715 1224 4
730 1177 790 1224 Tum
803 1178 881 1226 tertius
892 1179 986 1242 augelus
996 1179 1127 1242 elluditpbl·

174 1245 230 1308 pieta
239 1250 274 1291 est
284 1245 318 1290 ira
329 1243 384 1290 Dei.
666 1241 723 1289 alam
734 1257 796 1288 auam
808 1241 830 1288 in
842 1242 939 1298 flumina,
950 1250 974 1290 et
984 1243 1007 1290 in
1017 1243 1091 1291 sontes
1105 1260 1128 1292 a·

203 1307 268 1354 2Et
283 1307 329 1355 vidi
346 1314 451 1368 tanquam
467 1321 528 1354 mare
538 1305 637 1352 vitreum
665 1321 775 1368 quarum:
793 1313 817 1352 et
827 1305 897 1352 factae
908 1315 960 1353 sunt
970 1309 1068 1368 sanguis.

173 1371 264 1419 sixtum
272 1372 320 1434 igni
326 1387 335 1428 3
352 1378 376 1418 et
384 1371 468 1432 eosqui
477 1369 592 1416 victoriam
601 1385 636 1416 re·
698 1371 714 1416 5
731 1369 764 1415 Et
774 1369 848 1416 audivi
858 1370 963 1432 angelum
973 1386 1079 1431 aquarum
1095 1372 1129 1418 di-

173 1437 287 1498 portabant
303 1449 332 1482 ex
347 1431 419 1481 bestii
437 1431 480 1490 illi,
499 1441 522 1482 et
540 1433 638 1495 imagine
666 1439 760 1488 centem,
777 1431 856 1482 Justus
872 1449 903 1489 es,
921 1435 1028 1490 Domine,
1041 1434 1087 1492 Qut
1097 1451 1129 1492 er,

173 1501 224 1562 ejus,
243 1500 410 1557 etcbaractere
426 1499 480 1560 ejus,
497 1513 527 1543 ex
543 1511 637 1544 numero
666 1504 689 1544 et
698 1495 745 1552 Qui
764 1513 820 1554 eras,
837 1505 860 1545 et
877 1497 924 1554 Qui
939 1499 989 1556 eris,
1006 1495 1065 1561 qudd
1078 1501 1131 1547 irase

173 1563 267 1610 nominis
277 1564 332 1626 ejus,
349 1569 434 1608 stantes
450 1562 508 1624 apud
523 1561 636 1608 mare-vi·
668 1558 781 1622 judicaria

87 1691 93 1697 ο
174 1634 249 1681 treum,
261 1633 284 1674 et
295 1627 402 1674 habentes
412 1626 507 1672 citharas
517 1625 580 1672 Dei:
693 1621 714 1672 '6
732 1625 845 1679 Quoniam
857 1627 987 1687 sanguinem
1004 1634 1131 1674 sauctorum

204 1695 220 1738 5
237 1691 284 1746 Qui
301 1691 369 1736 etiam
388 1689 506 1736 cantabant
526 1689 637 1736 canticum
666 1694 689 1734 et
710 1689 865 1750 prophetarum
887 1690 1017 1743 effuderunt,
1035 1698 1058 1736 et
1079 1706 1130 1738 san-

175 1753 247 1802 Mosis
259 1753 316 1802 servi
330 1753 384 1807 Dei,
401 1760 424 1798 et
439 1754 550 1799 canticum
566 1751 637 1814 rigni,
666 1751 758 1812 guinem
768 1753 800 1798 eis
811 1752 1066 1800 dedistiadbibeudumr
1080 1755 1130 1815 dig·
1223 1759 1224 1768 ¹

174 1819 277 1872 dieentes,
306 1817 397 1878 Magna
414 1823 437 1862 et
458 1817 564 1864 mirabilia
585 1823 638 1862 sunt
668 1816 691 1861 ni
701 1815 761 1860 enim
772 1822 830 1862 aunt.

174 1899 239 1944 opera
246 1890 290 1936 tua,
300 1879 402 1928 Domine
411 1880 476 1927 Deus
483 1881 638 1940 omnipotens;
700 1882 715 1926 7
733 1879 765 1926 Et
776 1879 849 1926 audivi
862 1879 928 1925 alium
939 1895 952 1926 e
963 1880 1086 1927 sanctuario
1097 1880 1131 1926 di·

174 1949 242 2009 [ustae
252 1953 277 1992 et
292 1960 359 1992 verae
377 1950 429 1990 sunt
447 1943 495 1992 viae
512 1951 569 1999 tuae,
586 1941 638 1991 Rex
667 1949 761 1998 centem,
774 1943 856 1997 Etiam,
870 1943 969 1990 Domine
981 1941 1046 1990 Deus
1057 1945 1130 1992 omni-

174 2017 308 2058 sanctorum.
668 2014 753 2068 potens,
765 2023 818 2054 vera
827 2015 882 2054 sunt
892 2015 915 2054 et
921 2009 983 2070 justa
992 2008 1076 2069 judicia
1087 2014 1131 2054 tua.

205 2077 221 2120 4
239 2073 297 2128 Quis
309 2087 355 2118 non
367 2070 488 2126 timebitte,
499 2070 606 2124 Domine,
616 2078 639 2118 et
701 2075 715 2115 8
733 2070 816 2118 Postea
833 2079 924 2132 quartus
940 2072 1033 2134 angelus
1054 2071 1130 2118 effudit

174 2137 305 2199 glorificabit
316 2149 399 2182 nomeu
410 2133 489 2181 tuum?
506 2135 567 2182 Nam
579 2135 640 2181 aolus
667 2134 762 2195 phialam
773 2150 835 2182 suam
851 2135 874 2181 in
891 2136 967 2190 aciem,
979 2143 1003 2182 et
1012 2135 1087 2184 datum
1098 2144 1132 2184 eat

175 2209 263 2248 sanctus
274 2216 306 2248 es.
340 2197 403 2246 Nam
414 2214 491 2246 omnes
501 2207 582 2260 gentes
598 2214 639 2244 ve·
667 2198 688 2243 ei
699 2206 761 2244 aestu
771 2199 871 2260 affligere
886 2200 987 2246 homines
998 2215 1037 2260 per
1047 2201 1131 2261 ignem.

175 2266 235 2311 nient
245 2272 268 2311 et
278 2263 484 2312 adorabuntcoram
493 2269 525 2310 le:
542 2263 638 2324 narnju-
701 2267 716 2310 9
732 2261 766 2308 Et
781 2269 938 2312 aestuaverunt
952 2263 1054 2310 homines
1068 2270 1131 2310 aestu

153 2329 229 2386 jdici'a
240 2336 279 2374 tua
289 2327 399 2390 patefacta
409 2334 468 2373 sunt.
668 2340 758 2386 magno,
769 2323 979 2387 etblasphemtrunt
992 2341 1073 2374 nomen
1085 2326 1131 2374 Dei

207 2395 223 2440 5
241 2392 275 2438 Et
293 2397 345 2453 post
363 2391 418 2436 haee
436 2389 518 2451 aspexi,
540 2397 563 2436 et
581 2403 639 2444 ecce,
669 2388 767 2435 habentis
778 2396 908 2451 potestatem
915 2390 938 2435 in
949 2391 989 2437 has
999 2390 1082 2452 plagas,
1091 2407 1131 2438 ne·

176 2464 274 2518 apertum
286 2461 321 2502 est
331 2453 438 2514 templum
450 2453 583 2501 tabernaculi
595 2461 639 2500 tes-
668 2467 712 2512 que
723 2454 866 2515 resipuerunt,
878 2460 903 2498 ut
919 2453 1039 2500 tribuerent
1049 2456 1069 2502 ei
1080 2455 1132 2518 glo·

177 2518 261 2566 timonii
273 2519 296 2564 in
308 2517 378 2564 coelo.
670 2517 732 2562 riom.

176 2613 180 2636 ;
208 2589 223 2630 6
239 2582 273 2631 Et
283 2583 412 2644 prodierunt
428 2596 442 2627 e
458 2579 540 2642 templo
557 2587 640 2641 septem
703 2583 734 2624 10
756 2578 816 2626 Tum
835 2580 925 2641 quintus
946 2582 1038 2644 angelus
1057 2581 1132 2630 effudit

177 2647 206 2693 rlli
225 2647 307 2708 angeli,
329 2646 435 2692 babentes
453 2653 538 2705 septem
556 2643 640 2706 plagas,
669 2643 764 2704 phialam
775 2659 837 2690 suain
853 2660 919 2707 super
933 2646 1038 2692 thronum
1052 2647 1133 2695 beelim

177 2711 246 2757 induti
256 2710 303 2756 lino
314 2724 371 2770 puro
381 2715 405 2754 et
415 2707 535 2769 splendido,
546 2715 641 2770 etprae-
670 2706 734 2762 illius,
746 2707 861 2756 etinctum
877 2717 912 2756 est
930 2725 1023 2772 regnum
1037 2712 1085 2774 ejus
1098 2718 1132 2760 le·

178 2775 243 2820 cincti
254 2774 314 2820 cirea
324 2778 415 2834 pectora
425 2771 490 2818 zonis
498 2771 577 2818 aureis.
670 2771 804 2819 nebrosum:
817 2786 841 2820 et
848 2775 980 2822 mandebant
988 2775 1075 2838 linguas
1082 2791 1133 2824 suas

208 2841 222 2885 7
240 2836 274 2883 Et
284 2851 354 2882 unum
365 2849 395 2882 ex
404 2841 499 2895 quatuor
514 2833 642 2880 animalibus
670 2850 722 2896 prae
733 2835 808 2882 dolore
818 2853 826 2892 3

178 2901 237 2948 dedit
254 2907 339 2962 septem
356 2899 442 2960 angelis
459 2897 543 2959 phialas
553 2912 641 2950 aurens,
704 2901 731 2943 ll
753 2897 786 2944 Et
796 2896 973 2960 blasphemarunt
985 2899 1062 2948 Deum
1078 2903 1133 2951 coeli

178 2965 253 3026 plenas
263 2965 309 3010 irae
320 2961 366 3010 Dei
378 2961 472 3009 viventis
483 2961 507 3007 in
517 2961 591 3008 secula
605 2976 641 3006 se·
669 2977 721 3022 prae
732 2961 842 3008 doloribus
858 2963 904 3008 suis
918 2973 941 3008 et
957 2963 1065 3012 ulceribus
1081 2966 1132 3020 suis,

178 3029 286 3075 culorum.
670 3039 711 3071 nec
722 3025 763 3070 resi
780 3033 860 3072 uerunt
869 3027 897 3072 ab
905 3027 1006 3088 operibus
1017 3029 1070 3074 suis.

210 3097 225 3138 8
242 3091 276 3138 Et
286 3089 400 3152 impletum
412 3095 447 3135 est
457 3087 564 3149 templum
579 3087 642 3134 fumo
704 3092 734 3134 12
773 3104 810 3134 um
817 3096 892 3136 sextus
900 3090 993 3152 angelus
1000 3089 1077 3138 effudit
1084 3092 1133 3154 plri-

178 3157 326 3217 prodeuntes
338 3155 451 3213 majestate
462 3151 515 3207 Dei,
532 3160 555 3198 et
570 3167 585 3198 a
595 3153 641 3198 vir-
670 3151 727 3200 alam
738 3167 800 3200 suam
814 3153 837 3199 in
850 3152 933 3200 flumen
950 3153 1004 3200 illud
1020 3169 1132 3216 magnum,

180 3227 226 3268 tute
236 3220 302 3281 ejus;
326 3232 367 3262 nec
383 3218 497 3276 quisquam
509 3223 596 3278 poterat
606 3215 641 3260 in·
670 3230 750 3276 rampe
766 3216 920 3277 Euphratem
937 3223 959 3263 et
975 3217 1085 3266 exsiccata
1099 3230 1134 3268 eat

181 3283 241 3346 gredi
252 3282 276 3328 in
287 3279 401 3340 templum,
418 3281 489 3326 donec
502 3279 643 3340 explerentur
670 3293 727 3340 aqua
736 3280 791 3341 ejus,
803 3287 828 3326 ut
843 3289 956 3342 pararetur
971 3282 1007 3328 via
1019 3297 1097 3344 regum
1107 3284 1134 3334 ab

182 3353 263 3408 septem
275 3345 354 3408 plagae
365 3355 450 3409 septem
461 3343 598 3406 angelornm.
671 3352 721 3390 ortu
732 3343 784 3390 solia
794 3346 975 3392 adventantium.

470 3456 476 3460 ‚
704 3409 736 3452 13
751 3407 784 3454 Et
794 3407 840 3454 ridi
850 3423 879 3454 ex
895 3423 934 3454 ore
951 3409 1058 3460 draconis.
1069 3419 1093 3458 et
1105 3425 1135 3460 ex

331 3467 406 3518 CAP.
424 3468 493 3516 xvi.
671 3486 710 3517 ore
727 3470 785 3517 illius
802 3471 891 3527 bestiae,
902 3480 926 3519 et
937 3487 966 3518 cx
985 3488 1024 3520 ore
1039 3475 1135 3534 pseudo·

180 3532 314 3654 TUNC
331 3534 405 3580 audivi
422 3549 500 3580 uocem
514 3549 618 3595 magnam
630 3550 643 3580 c
671 3535 790 3596 prophetae
800 3535 858 3582 illius
873 3542 919 3582 tres
934 3537 1033 3598 impuros
1047 3539 1135 3600 spiritus

259 3597 350 3660 templo,
369 3597 477 3644 dicentem
497 3605 581 3658 septem
601 3597 643 3643 illia
671 3598 754 3644 similes
764 3599 823 3644 ranis
829 3602 975 3659 prodeumet.

182 3663 272 3725 angelis,
291 3659 333 3715 lte,
350 3660 455 3707 effundite
466 3670 550 3722 septam
560 3661 644 3722 phialas
707 3665 736 3706 14
753 3661 812 3708 Sunt
829 3663 888 3710 enim
903 3665 992 3726 spiritus
1007 3664 1131 3715 daemonio·

190 3731 377 3786 excandescentlae
387 3723 436 3832 iisd
445 3725 468 3771 ln
481 3733 566 3772 tenum
673 3741 721 3771 rum
732 3725 904 3839 edentolagsigna,
919 3729 1001 3791 quique
1015 3731 1095 3780 abeunt
1108 3733 1134 3779 ad

421 3803 436 3832 ι’)
