<?xml version="1.0" encoding="UTF-8"?>
<!DOCTYPE html PUBLIC "-//W3C//DTD XHTML 1.0 Transitional//EN"
    "http://www.w3.org/TR/xhtml1/DTD/xhtml1-transitional.dtd">
<html xmlns="http://www.w3.org/1999/xhtml" xml:lang="en" lang="en">
 <head>
  <title>
</title>
<meta http-equiv="Content-Type" content="text/html;charset=utf-8" />
  <meta name='ocr-system' content='tesseract 3.04.00' />
  <meta name='ocr-capabilities' content='ocr_page ocr_carea ocr_par ocr_line ocrx_word'/>
</head>
<body>
  <div class='ocr_page' id='page_1' title='image "./novumtestamentu03unkngoog_0260.png"; bbox 0 0 2720 4312; ppageno 0'>
   <div class='ocr_carea' id='block_1_1' title="bbox 568 370 861 420">
    <p class='ocr_par' dir='ltr' id='par_1_1' title="bbox 568 370 861 420">
     <span class='ocr_line' id='line_1_1' title="bbox 568 370 861 420; baseline 0.01 -2"><span class='ocrx_word' id='word_1_1' title='bbox 568 371 676 420; x_wconf 82' lang='lat' dir='ltr'>PAULI</span> <span class='ocrx_word' id='word_1_2' title='bbox 692 370 861 420; x_wconf 84' lang='lat' dir='ltr'>EPISTOLA</span> 
     </span>
    </p>
   </div>
   <div class='ocr_carea' id='block_1_2' title="bbox 214 475 1199 3840">
    <p class='ocr_par' dir='ltr' id='par_1_2' title="bbox 214 475 1199 3840">
     <span class='ocr_line' id='line_1_2' title="bbox 234 475 1184 542; baseline -0.002 -15"><span class='ocrx_word' id='word_1_3' title='bbox 234 479 309 527; x_wconf 70' lang='lat' dir='ltr'>unde</span> <span class='ocrx_word' id='word_1_4' title='bbox 327 495 371 540; x_wconf 72' lang='lat' dir='ltr'>pro</span> <span class='ocrx_word' id='word_1_5' title='bbox 389 480 491 540; x_wconf 72' lang='lat' dir='ltr'>petentia</span> <span class='ocrx_word' id='word_1_6' title='bbox 512 478 594 540; x_wconf 85' lang='lat' dir='ltr'>populi.</span> <span class='ocrx_word' id='word_1_7' title='bbox 638 475 693 523; x_wconf 91' lang='lat' dir='ltr'>Hoc</span> <span class='ocrx_word' id='word_1_8' title='bbox 724 477 778 523; x_wconf 87' lang='lat' dir='ltr'>dicit</span> <span class='ocrx_word' id='word_1_9' title='bbox 798 475 926 526; x_wconf 80' lang='lat' dir='ltr'>Dominus:</span> <span class='ocrx_word' id='word_1_10' title='bbox 957 475 1037 526; x_wconf 85' lang='lat' dir='ltr'>lndanr</span> <span class='ocrx_word' id='word_1_11' title='bbox 1052 478 1116 542; x_wconf 79' lang='lat' dir='ltr'>leger</span> <span class='ocrx_word' id='word_1_12' title='bbox 1132 496 1184 530; x_wconf 79' lang='lat' dir='ltr'>mea</span> 
     </span>
     <span class='ocr_line' id='line_1_3' title="bbox 233 541 1192 604; baseline 0.001 -13"><span class='ocrx_word' id='word_1_13' title='bbox 233 547 289 592; x_wconf 83' lang='lat' dir='ltr'>anim</span> <span class='ocrx_word' id='word_1_14' title='bbox 306 543 359 590; x_wconf 81' lang='lat' dir='ltr'>tecit</span> <span class='ocrx_word' id='word_1_15' title='bbox 374 542 448 598; x_wconf 82' lang='lat' dir='ltr'>semel.</span> <span class='ocrx_word' id='word_1_16' title='bbox 464 558 532 604; x_wconf 88' lang='lat' dir='ltr'>quum</span> <span class='ocrx_word' id='word_1_17' title='bbox 551 541 694 604; x_wconf 81' lang='lat' dir='ltr'>semetipsum</span> <span class='ocrx_word' id='word_1_18' title='bbox 725 541 795 588; x_wconf 87' lang='lat' dir='ltr'>menti</span> <span class='ocrx_word' id='word_1_19' title='bbox 805 557 889 596; x_wconf 84' lang='lat' dir='ltr'>eorum.</span> <span class='ocrx_word' id='word_1_20' title='bbox 901 550 924 588; x_wconf 91' lang='lat' dir='ltr'>et</span> <span class='ocrx_word' id='word_1_21' title='bbox 941 543 1002 588; x_wconf 78' lang='lat' dir='ltr'>cordi</span> <span class='ocrx_word' id='word_1_22' title='bbox 1018 559 1097 590; x_wconf 85' lang='lat' dir='ltr'>eorum</span> <span class='ocrx_word' id='word_1_23' title='bbox 1113 545 1192 592; x_wconf 75' lang='lat' dir='ltr'>inseri</span> 
     </span>
     <span class='ocr_line' id='line_1_4' title="bbox 231 605 1192 670; baseline 0.003 -16"><span class='ocrx_word' id='word_1_24' title='bbox 231 609 315 655; x_wconf 71' lang='lat' dir='ltr'>obtulit.</span> <span class='ocrx_word' id='word_1_25' title='bbox 725 605 789 652; x_wconf 79' lang='lat' dir='ltr'>bam:</span> <span class='ocrx_word' id='word_1_26' title='bbox 807 612 831 652; x_wconf 86' lang='lat' dir='ltr'>et</span> <span class='ocrx_word' id='word_1_27' title='bbox 841 621 880 652; x_wconf 91' lang='lat' dir='ltr'>ero</span> <span class='ocrx_word' id='word_1_28' title='bbox 891 605 944 668; x_wconf 82' lang='lat' dir='ltr'>ipsis</span> <span class='ocrx_word' id='word_1_29' title='bbox 955 605 1027 662; x_wconf 86' lang='lat' dir='ltr'>Deua,</span> <span class='ocrx_word' id='word_1_30' title='bbox 1040 616 1062 654; x_wconf 87' lang='lat' dir='ltr'>et</span> <span class='ocrx_word' id='word_1_31' title='bbox 1073 608 1114 670; x_wconf 79' lang='lat' dir='ltr'>ipsi</span> <span class='ocrx_word' id='word_1_32' title='bbox 1128 617 1192 656; x_wconf 79' lang='lat' dir='ltr'>erunt</span> 
     </span>
     <span class='ocr_line' id='line_1_5' title="bbox 262 669 898 732; baseline -0.003 -14"><span class='ocrx_word' id='word_1_33' title='bbox 262 677 293 718; x_wconf 79' lang='grc'>28</span> <span class='ocrx_word' id='word_1_34' title='bbox 311 669 361 718; x_wconf 77' lang='lat' dir='ltr'>Iaex</span> <span class='ocrx_word' id='word_1_35' title='bbox 379 670 438 716; x_wconf 88' lang='lat' dir='ltr'>enim</span> <span class='ocrx_word' id='word_1_36' title='bbox 457 669 559 716; x_wconf 84' lang='lat' dir='ltr'>homines</span> <span class='ocrx_word' id='word_1_37' title='bbox 578 669 695 715; x_wconf 75' lang='lat' dir='ltr'>constituit</span> <span class='ocrx_word' id='word_1_38' title='bbox 725 669 779 715; x_wconf 87' lang='lat' dir='ltr'>mibi</span> <span class='ocrx_word' id='word_1_39' title='bbox 790 669 898 732; x_wconf 75' lang='lat' dir='ltr'>populuss</span> 
     </span>
     <span class='ocr_line' id='line_1_6' title="bbox 232 733 1193 800; baseline 0.001 -20"><span class='ocrx_word' id='word_1_40' title='bbox 232 734 344 800; x_wconf 71' lang='lat' dir='ltr'>pontifices</span> <span class='ocrx_word' id='word_1_41' title='bbox 365 733 492 780; x_wconf 83' lang='lat' dir='ltr'>infirmitate</span> <span class='ocrx_word' id='word_1_42' title='bbox 513 733 654 789; x_wconf 64' lang='lat' dir='ltr'>lehumnum</span> <span class='ocrx_word' id='word_1_43' title='bbox 671 741 695 780; x_wconf 87' lang='lat' dir='ltr'>at</span> <span class='ocrx_word' id='word_1_44' title='bbox 760 737 788 780; x_wconf 87' lang='lat' dir='ltr'>ll</span> <span class='ocrx_word' id='word_1_45' title='bbox 807 733 888 794; x_wconf 84' lang='lat' dir='ltr'>Neque</span> <span class='ocrx_word' id='word_1_46' title='bbox 899 733 1008 780; x_wconf 90' lang='lat' dir='ltr'>docebunt</span> <span class='ocrx_word' id='word_1_47' title='bbox 1019 734 1101 796; x_wconf 76' lang='lat' dir='ltr'>singuli</span> <span class='ocrx_word' id='word_1_48' title='bbox 1116 735 1193 797; x_wconf 83' lang='lat' dir='ltr'>prori-</span> 
     </span>
     <span class='ocr_line' id='line_1_7' title="bbox 232 797 1194 862; baseline -0.004 -14"><span class='ocrx_word' id='word_1_49' title='bbox 232 814 302 848; x_wconf 69' lang='lat' dir='ltr'>oenno</span> <span class='ocrx_word' id='word_1_50' title='bbox 316 798 460 862; x_wconf 87' lang='lat' dir='ltr'>jurisjurandi</span> <span class='ocrx_word' id='word_1_51' title='bbox 477 805 528 859; x_wconf 89' lang='lat' dir='ltr'>post</span> <span class='ocrx_word' id='word_1_52' title='bbox 546 797 619 858; x_wconf 78' lang='lat' dir='ltr'>legem</span> <span class='ocrx_word' id='word_1_53' title='bbox 638 812 693 844; x_wconf 85' lang='lat' dir='ltr'>con·</span> <span class='ocrx_word' id='word_1_54' title='bbox 725 811 788 843; x_wconf 90' lang='lat' dir='ltr'>mum</span> <span class='ocrx_word' id='word_1_55' title='bbox 799 813 871 848; x_wconf 88' lang='lat' dir='ltr'>suum.</span> <span class='ocrx_word' id='word_1_56' title='bbox 882 804 906 844; x_wconf 89' lang='lat' dir='ltr'>et</span> <span class='ocrx_word' id='word_1_57' title='bbox 916 798 997 860; x_wconf 82' lang='lat' dir='ltr'>singuli</span> <span class='ocrx_word' id='word_1_58' title='bbox 1014 797 1105 845; x_wconf 80' lang='lat' dir='ltr'>fratrem</span> <span class='ocrx_word' id='word_1_59' title='bbox 1121 815 1194 854; x_wconf 82' lang='lat' dir='ltr'>sunm,</span> 
     </span>
     <span class='ocr_line' id='line_1_8' title="bbox 230 859 1194 924; baseline -0.001 -15"><span class='ocrx_word' id='word_1_60' title='bbox 230 863 294 924; x_wconf 80' lang='lat' dir='ltr'>nepti,</span> <span class='ocrx_word' id='word_1_61' title='bbox 307 861 389 909; x_wconf 81' lang='lat' dir='ltr'>Filium</span> <span class='ocrx_word' id='word_1_62' title='bbox 400 863 518 910; x_wconf 77' lang='lat' dir='ltr'>constituit</span> <span class='ocrx_word' id='word_1_63' title='bbox 534 861 571 923; x_wconf 90' lang='lat' dir='ltr'>qui</span> <span class='ocrx_word' id='word_1_64' title='bbox 587 861 611 908; x_wconf 85' lang='lat' dir='ltr'>in</span> <span class='ocrx_word' id='word_1_65' title='bbox 621 869 694 908; x_wconf 89' lang='lat' dir='ltr'>aeter·</span> <span class='ocrx_word' id='word_1_66' title='bbox 726 861 831 916; x_wconf 80' lang='lat' dir='ltr'>dicentes,</span> <span class='ocrx_word' id='word_1_67' title='bbox 846 859 968 923; x_wconf 73' lang='lat' dir='ltr'>Cognosce</span> <span class='ocrx_word' id='word_1_68' title='bbox 984 861 1123 910; x_wconf 85' lang='lat' dir='ltr'>Dominum:</span> <span class='ocrx_word' id='word_1_69' title='bbox 1142 879 1194 910; x_wconf 82' lang='lat' dir='ltr'>nam</span> 
     </span>
     <span class='ocr_line' id='line_1_9' title="bbox 231 925 1191 988; baseline -0.001 -14"><span class='ocrx_word' id='word_1_70' title='bbox 231 940 283 974; x_wconf 87' lang='lat' dir='ltr'>num</span> <span class='ocrx_word' id='word_1_71' title='bbox 295 935 328 975; x_wconf 77' lang='lat' dir='ltr'>eat</span> <span class='ocrx_word' id='word_1_72' title='bbox 339 925 494 974; x_wconf 82' lang='lat' dir='ltr'>sanctificatus.</span> <span class='ocrx_word' id='word_1_73' title='bbox 725 939 804 972; x_wconf 84' lang='lat' dir='ltr'>omnes</span> <span class='ocrx_word' id='word_1_74' title='bbox 814 933 952 986; x_wconf 80' lang='lat' dir='ltr'>cognoscent</span> <span class='ocrx_word' id='word_1_75' title='bbox 962 940 1005 980; x_wconf 79' lang='lat' dir='ltr'>me.</span> <span class='ocrx_word' id='word_1_76' title='bbox 1017 927 1044 972; x_wconf 90' lang='lat' dir='ltr'>ab</span> <span class='ocrx_word' id='word_1_77' title='bbox 1054 942 1081 972; x_wconf 89' lang='lat' dir='ltr'>eo</span> <span class='ocrx_word' id='word_1_78' title='bbox 1097 927 1135 988; x_wconf 88' lang='lat' dir='ltr'>qui</span> <span class='ocrx_word' id='word_1_79' title='bbox 1151 943 1191 988; x_wconf 83' lang='lat' dir='ltr'>pu-</span> 
     </span>
     <span class='ocr_line' id='line_1_10' title="bbox 725 988 1193 1051; baseline 0.002 -15"><span class='ocrx_word' id='word_1_80' title='bbox 725 988 787 1036; x_wconf 78' lang='lat' dir='ltr'>sillus</span> <span class='ocrx_word' id='word_1_81' title='bbox 797 988 864 1036; x_wconf 79' lang='lat' dir='ltr'>fuerit</span> <span class='ocrx_word' id='word_1_82' title='bbox 878 990 936 1036; x_wconf 89' lang='lat' dir='ltr'>inter</span> <span class='ocrx_word' id='word_1_83' title='bbox 951 1005 997 1043; x_wconf 86' lang='lat' dir='ltr'>eos,</span> <span class='ocrx_word' id='word_1_84' title='bbox 1013 991 1042 1036; x_wconf 89' lang='lat' dir='ltr'>ad</span> <span class='ocrx_word' id='word_1_85' title='bbox 1057 1005 1108 1036; x_wconf 91' lang='lat' dir='ltr'>enm</span> <span class='ocrx_word' id='word_1_86' title='bbox 1125 1007 1193 1051; x_wconf 74' lang='lat' dir='ltr'>usqua</span> 
     </span>
     <span class='ocr_line' id='line_1_11' title="bbox 378 1051 1069 1114; baseline -0.001 -13"><span class='ocrx_word' id='word_1_87' title='bbox 378 1051 453 1102; x_wconf 79' lang='lat' dir='ltr'><strong>CAP.</strong></span> <span class='ocrx_word' id='word_1_88' title='bbox 476 1051 549 1100; x_wconf 85' lang='lat' dir='ltr'>vm.</span> <span class='ocrx_word' id='word_1_89' title='bbox 725 1053 762 1114; x_wconf 90' lang='lat' dir='ltr'>qui</span> <span class='ocrx_word' id='word_1_90' title='bbox 774 1068 869 1114; x_wconf 75' lang='lat' dir='ltr'>magnus</span> <span class='ocrx_word' id='word_1_91' title='bbox 879 1052 946 1100; x_wconf 83' lang='lat' dir='ltr'>suerit</span> <span class='ocrx_word' id='word_1_92' title='bbox 956 1054 1069 1100; x_wconf 87' lang='lat' dir='ltr'>intereos.</span> 
     </span>
     <span class='ocr_line' id='line_1_12' title="bbox 253 1115 1194 1180; baseline -0.009 -12"><span class='ocrx_word' id='word_1_93' title='bbox 253 1117 457 1170; x_wconf 63' lang='lat' dir='ltr'>“iAETERUM</span> <span class='ocrx_word' id='word_1_94' title='bbox 473 1132 551 1166; x_wconf 86' lang='lat' dir='ltr'>corum</span> <span class='ocrx_word' id='word_1_95' title='bbox 569 1131 626 1178; x_wconf 89' lang='lat' dir='ltr'>quae</span> <span class='ocrx_word' id='word_1_96' title='bbox 640 1116 694 1162; x_wconf 90' lang='lat' dir='ltr'>dici-</span> <span class='ocrx_word' id='word_1_97' title='bbox 760 1120 790 1163; x_wconf 77' lang='lat'>12</span> <span class='ocrx_word' id='word_1_98' title='bbox 807 1115 855 1164; x_wconf 83' lang='lat' dir='ltr'>Ero</span> <span class='ocrx_word' id='word_1_99' title='bbox 864 1118 923 1163; x_wconf 86' lang='lat' dir='ltr'>enim</span> <span class='ocrx_word' id='word_1_100' title='bbox 931 1117 1038 1179; x_wconf 86' lang='lat' dir='ltr'>propitius</span> <span class='ocrx_word' id='word_1_101' title='bbox 1046 1118 1194 1180; x_wconf 63' lang='lat' dir='ltr'>iniquitatibus</span> 
     </span>
     <span class='ocr_line' id='line_1_13' title="bbox 315 1179 1182 1243; baseline -0.002 -13"><span class='ocrx_word' id='word_1_102' title='bbox 315 1199 366 1230; x_wconf 88' lang='lat' dir='ltr'>mua</span> <span class='ocrx_word' id='word_1_103' title='bbox 383 1185 440 1230; x_wconf 76' lang='lat' dir='ltr'>daeo</span> <span class='ocrx_word' id='word_1_104' title='bbox 457 1197 544 1228; x_wconf 85' lang='lat' dir='ltr'>summa</span> <span class='ocrx_word' id='word_1_105' title='bbox 558 1189 597 1235; x_wconf 78' lang='lat' dir='ltr'>eat,</span> <span class='ocrx_word' id='word_1_106' title='bbox 614 1179 694 1228; x_wconf 83' lang='lat' dir='ltr'>Taiem</span> <span class='ocrx_word' id='word_1_107' title='bbox 726 1195 811 1234; x_wconf 83' lang='lat' dir='ltr'>corum,</span> <span class='ocrx_word' id='word_1_108' title='bbox 822 1187 846 1227; x_wconf 88' lang='lat' dir='ltr'>et</span> <span class='ocrx_word' id='word_1_109' title='bbox 856 1189 996 1242; x_wconf 86' lang='lat' dir='ltr'>peccatorum</span> <span class='ocrx_word' id='word_1_110' title='bbox 1008 1182 1182 1243; x_wconf 78' lang='lat' dir='ltr'>ipmrnmctini</span> 
     </span>
     <span class='ocr_line' id='line_1_14' title="bbox 231 1245 1193 1308; baseline -0.002 -14"><span class='ocrx_word' id='word_1_111' title='bbox 231 1263 270 1295; x_wconf 81' lang='lat' dir='ltr'>not</span> <span class='ocrx_word' id='word_1_112' title='bbox 291 1247 371 1294; x_wconf 85' lang='lat' dir='ltr'>babere</span> <span class='ocrx_word' id='word_1_113' title='bbox 391 1245 525 1308; x_wconf 76' lang='lat' dir='ltr'>pontificem,</span> <span class='ocrx_word' id='word_1_114' title='bbox 540 1245 577 1306; x_wconf 91' lang='lat' dir='ltr'>qui</span> <span class='ocrx_word' id='word_1_115' title='bbox 594 1245 695 1292; x_wconf 74' lang='lat' dir='ltr'><strong>consedit</strong></span> <span class='ocrx_word' id='word_1_116' title='bbox 725 1245 834 1307; x_wconf 78' lang='lat' dir='ltr'><strong>quitatum</strong></span> <span class='ocrx_word' id='word_1_117' title='bbox 846 1246 943 1307; x_wconf 82' lang='lat' dir='ltr'>ipsorum</span> <span class='ocrx_word' id='word_1_118' title='bbox 952 1260 997 1292; x_wconf 87' lang='lat' dir='ltr'>non</span> <span class='ocrx_word' id='word_1_119' title='bbox 1007 1245 1193 1292; x_wconf 82' lang='lat' dir='ltr'>recordaborarn·</span> 
     </span>
     <span class='ocr_line' id='line_1_15' title="bbox 231 1306 790 1373; baseline -0.007 -15"><span class='ocrx_word' id='word_1_120' title='bbox 231 1311 258 1360; x_wconf 81' lang='lat' dir='ltr'>ad</span> <span class='ocrx_word' id='word_1_121' title='bbox 268 1311 369 1358; x_wconf 78' lang='lat' dir='ltr'>dextram</span> <span class='ocrx_word' id='word_1_122' title='bbox 380 1311 453 1358; x_wconf 80' lang='lat' dir='ltr'>unani</span> <span class='ocrx_word' id='word_1_123' title='bbox 466 1309 591 1373; x_wconf 67' lang='lat' dir='ltr'>MaJ&#39;ertatis</span> <span class='ocrx_word' id='word_1_124' title='bbox 602 1309 660 1356; x_wconf 86' lang='lat' dir='ltr'>iliius</span> <span class='ocrx_word' id='word_1_125' title='bbox 671 1309 693 1354; x_wconf 90' lang='lat' dir='ltr'>in</span> <span class='ocrx_word' id='word_1_126' title='bbox 726 1306 790 1372; x_wconf 83' lang='lat' dir='ltr'>piids.</span> 
     </span>
     <span class='ocr_line' id='line_1_16' title="bbox 230 1371 1194 1434; baseline -0.001 -12"><span class='ocrx_word' id='word_1_127' title='bbox 230 1375 304 1422; x_wconf 81' lang='lat' dir='ltr'>ecelis.</span> <span class='ocrx_word' id='word_1_128' title='bbox 761 1377 791 1418; x_wconf 79' lang='lat'>13</span> <span class='ocrx_word' id='word_1_129' title='bbox 813 1371 876 1419; x_wconf 87' lang='lat' dir='ltr'>Dum</span> <span class='ocrx_word' id='word_1_130' title='bbox 894 1388 978 1420; x_wconf 81' lang='lat' dir='ltr'>nouum</span> <span class='ocrx_word' id='word_1_131' title='bbox 995 1373 1054 1427; x_wconf 85' lang='lat' dir='ltr'>dicit,</span> <span class='ocrx_word' id='word_1_132' title='bbox 1070 1373 1194 1434; x_wconf 73' lang='lat' dir='ltr'>antiquam</span> 
     </span>
     <span class='ocr_line' id='line_1_17' title="bbox 262 1433 1192 1499; baseline 0 -15"><span class='ocrx_word' id='word_1_133' title='bbox 262 1438 417 1486; x_wconf 77' lang='lat' dir='ltr'>2Sanctuarii</span> <span class='ocrx_word' id='word_1_134' title='bbox 429 1436 568 1491; x_wconf 66' lang='lat' dir='ltr'>miniatem</span> <span class='ocrx_word' id='word_1_135' title='bbox 579 1435 625 1483; x_wconf 78' lang='lat' dir='ltr'>veri</span> <span class='ocrx_word' id='word_1_136' title='bbox 636 1436 695 1482; x_wconf 82' lang='lat' dir='ltr'>illius</span> <span class='ocrx_word' id='word_1_137' title='bbox 725 1437 799 1499; x_wconf 83' lang='lat' dir='ltr'>prius:</span> <span class='ocrx_word' id='word_1_138' title='bbox 818 1433 885 1499; x_wconf 85' lang='lat' dir='ltr'>porrd</span> <span class='ocrx_word' id='word_1_139' title='bbox 900 1438 1137 1498; x_wconf 78' lang='lat' dir='ltr'>quodantiquaturac</span> <span class='ocrx_word' id='word_1_140' title='bbox 1155 1454 1192 1484; x_wconf 63' lang='lat' dir='ltr'>scu</span> 
     </span>
     <span class='ocr_line' id='line_1_18' title="bbox 230 1496 1098 1564; baseline 0 -15"><span class='ocrx_word' id='word_1_141' title='bbox 230 1503 369 1556; x_wconf 86' lang='lat' dir='ltr'>tabernaculi,</span> <span class='ocrx_word' id='word_1_142' title='bbox 388 1501 448 1564; x_wconf 86' lang='lat' dir='ltr'>quod</span> <span class='ocrx_word' id='word_1_143' title='bbox 464 1501 514 1547; x_wconf 80' lang='lat' dir='ltr'>fixit</span> <span class='ocrx_word' id='word_1_144' title='bbox 532 1500 654 1556; x_wconf 76' lang='lat' dir='ltr'><strong>Dominus,</strong></span> <span class='ocrx_word' id='word_1_145' title='bbox 671 1507 695 1547; x_wconf 86' lang='lat' dir='ltr'>et</span> <span class='ocrx_word' id='word_1_146' title='bbox 726 1496 882 1563; x_wconf 73' lang='lat' dir='ltr'>nescitpropd</span> <span class='ocrx_word' id='word_1_147' title='bbox 892 1509 927 1548; x_wconf 84' lang='lat' dir='ltr'>cst</span> <span class='ocrx_word' id='word_1_148' title='bbox 938 1508 963 1547; x_wconf 92' lang='lat' dir='ltr'>ut</span> <span class='ocrx_word' id='word_1_149' title='bbox 973 1507 1098 1549; x_wconf 72' lang='lat' dir='ltr'>evanescat.</span> 
     </span>
     <span class='ocr_line' id='line_1_19' title="bbox 229 1567 745 1613; baseline -0.006 0"><span class='ocrx_word' id='word_1_150' title='bbox 229 1581 274 1613; x_wconf 85' lang='lat' dir='ltr'>aon</span> <span class='ocrx_word' id='word_1_151' title='bbox 286 1567 360 1612; x_wconf 83' lang='lat' dir='ltr'>horno.</span> <span class='ocrx_word' id='word_1_152' title='bbox 691 1594 697 1610; x_wconf 84' lang='grc'><em>,</em></span> <span class='ocrx_word' id='word_1_153' title='bbox 739 1593 745 1597; x_wconf 96' lang='grc'>-</span> 
     </span>
     <span class='ocr_line' id='line_1_20' title="bbox 260 1626 1033 1690; baseline -0.001 -14"><span class='ocrx_word' id='word_1_154' title='bbox 260 1633 277 1676; x_wconf 76' lang='grc' dir='ltr'><strong>ὅ</strong></span> <span class='ocrx_word' id='word_1_155' title='bbox 294 1629 374 1676; x_wconf 85' lang='lat' dir='ltr'>Omnis</span> <span class='ocrx_word' id='word_1_156' title='bbox 385 1629 444 1676; x_wconf 84' lang='lat' dir='ltr'>enim</span> <span class='ocrx_word' id='word_1_157' title='bbox 453 1628 553 1690; x_wconf 77' lang='lat' dir='ltr'>pontifex</span> <span class='ocrx_word' id='word_1_158' title='bbox 563 1626 694 1675; x_wconf 77' lang='lat' dir='ltr'>adofferen·</span> <span class='ocrx_word' id='word_1_159' title='bbox 888 1627 962 1677; x_wconf 80' lang='lat' dir='ltr'>CAP.</span> <span class='ocrx_word' id='word_1_160' title='bbox 985 1627 1033 1676; x_wconf 82' lang='lat' dir='ltr'>lx.</span> 
     </span>
     <span class='ocr_line' id='line_1_21' title="bbox 230 1691 1192 1755; baseline 0 -14"><span class='ocrx_word' id='word_1_161' title='bbox 230 1693 258 1742; x_wconf 88' lang='lat' dir='ltr'>da</span> <span class='ocrx_word' id='word_1_162' title='bbox 278 1694 337 1740; x_wconf 89' lang='lat' dir='ltr'>dona</span> <span class='ocrx_word' id='word_1_163' title='bbox 357 1702 380 1740; x_wconf 87' lang='lat' dir='ltr'>at</span> <span class='ocrx_word' id='word_1_164' title='bbox 403 1693 505 1740; x_wconf 84' lang='lat' dir='ltr'>victimas</span> <span class='ocrx_word' id='word_1_165' title='bbox 531 1693 692 1740; x_wconf 72' lang='lat' dir='ltr'>constituitur:</span> <span class='ocrx_word' id='word_1_166' title='bbox 798 1691 908 1740; x_wconf 80' lang='lat' dir='ltr'><strong>ABUIT</strong></span> <span class='ocrx_word' id='word_1_167' title='bbox 929 1694 996 1755; x_wconf 84' lang='lat' dir='ltr'>igitur</span> <span class='ocrx_word' id='word_1_168' title='bbox 1007 1694 1067 1755; x_wconf 88' lang='lat' dir='ltr'>prius</span> <span class='ocrx_word' id='word_1_169' title='bbox 1070 1691 1192 1754; x_wconf 75' lang='lat' dir='ltr'>foedare·</span> 
     </span>
     <span class='ocr_line' id='line_1_22' title="bbox 230 1757 1192 1819; baseline 0 -15"><span class='ocrx_word' id='word_1_170' title='bbox 230 1759 288 1805; x_wconf 89' lang='lat' dir='ltr'>unde</span> <span class='ocrx_word' id='word_1_171' title='bbox 299 1757 441 1805; x_wconf 83' lang='lat' dir='ltr'>necessesuit</span> <span class='ocrx_word' id='word_1_172' title='bbox 456 1758 614 1819; x_wconf 81' lang='lat' dir='ltr'>huncquoque</span> <span class='ocrx_word' id='word_1_173' title='bbox 626 1757 694 1804; x_wconf 85' lang='lat' dir='ltr'>babe-</span> <span class='ocrx_word' id='word_1_174' title='bbox 805 1759 858 1804; x_wconf 88' lang='lat' dir='ltr'>tiam</span> <span class='ocrx_word' id='word_1_175' title='bbox 867 1759 999 1804; x_wconf 86' lang='lat' dir='ltr'>constitutos</span> <span class='ocrx_word' id='word_1_176' title='bbox 1008 1757 1121 1819; x_wconf 87' lang='lat' dir='ltr'>religionis</span> <span class='ocrx_word' id='word_1_177' title='bbox 1130 1760 1192 1812; x_wconf 84' lang='lat' dir='ltr'>ritus,</span> 
     </span>
     <span class='ocr_line' id='line_1_23' title="bbox 231 1822 1189 1940; baseline -0.004 -8"><span class='ocrx_word' id='word_1_178' title='bbox 231 1822 444 1934; x_wconf 44' lang='lat' dir='ltr'>requpqpqeirpseqt</span> <span class='ocrx_word' id='word_1_179' title='bbox 452 1886 474 1932; x_wconf 87' lang='lat' dir='ltr'>in</span> <span class='ocrx_word' id='word_1_180' title='bbox 482 1882 547 1940; x_wconf 77' lang='lat' dir='ltr'>tent,</span> <span class='ocrx_word' id='word_1_181' title='bbox 556 1901 585 1933; x_wconf 85' lang='lat' dir='ltr'>ne</span> <span class='ocrx_word' id='word_1_182' title='bbox 592 1885 695 1932; x_wconf 82' lang='lat' dir='ltr'>sacerdos</span> <span class='ocrx_word' id='word_1_183' title='bbox 727 1822 1189 1929; x_wconf 48' lang='lat' dir='ltr'>etpaantbqqppcrplpppqqqqffimcmm</span> 
     </span>
     <span class='ocr_line' id='line_1_24' title="bbox 235 1943 1190 2014; baseline -0.004 -18"><span class='ocrx_word' id='word_1_184' title='bbox 235 1947 318 2014; x_wconf 72' lang='lat' dir='ltr'>quiddm</span> <span class='ocrx_word' id='word_1_185' title='bbox 329 1958 393 2003; x_wconf 74' lang='lat' dir='ltr'>essct,</span> <span class='ocrx_word' id='word_1_186' title='bbox 408 1952 547 1997; x_wconf 83' lang='lat' dir='ltr'>manentibus</span> <span class='ocrx_word' id='word_1_187' title='bbox 563 1951 605 1998; x_wconf 83' lang='lat' dir='ltr'>iilis</span> <span class='ocrx_word' id='word_1_188' title='bbox 621 1966 695 1996; x_wconf 86' lang='lat' dir='ltr'>saner·</span> <span class='ocrx_word' id='word_1_189' title='bbox 723 1947 782 1999; x_wconf 75' lang='lat' dir='ltr'>suits</span> <span class='ocrx_word' id='word_1_190' title='bbox 801 1943 972 2008; x_wconf 70' lang='lat' dir='ltr'>priusquiddm,</span> <span class='ocrx_word' id='word_1_191' title='bbox 985 1947 1061 2008; x_wconf 92' lang='lat' dir='ltr'>inquo</span> <span class='ocrx_word' id='word_1_192' title='bbox 1072 1955 1124 1995; x_wconf 82' lang='lat' dir='ltr'>crat</span> <span class='ocrx_word' id='word_1_193' title='bbox 1134 1961 1190 1994; x_wconf 83' lang='lat' dir='ltr'>ean-</span> 
     </span>
     <span class='ocr_line' id='line_1_25' title="bbox 230 2010 1193 2076; baseline -0.005 -14"><span class='ocrx_word' id='word_1_194' title='bbox 230 2015 322 2070; x_wconf 85' lang='lat' dir='ltr'>dntibua.</span> <span class='ocrx_word' id='word_1_195' title='bbox 334 2015 371 2076; x_wconf 93' lang='lat' dir='ltr'>qui</span> <span class='ocrx_word' id='word_1_196' title='bbox 380 2012 500 2062; x_wconf 74' lang='lat' dir='ltr'>secundum</span> <span class='ocrx_word' id='word_1_197' title='bbox 512 2014 585 2076; x_wconf 85' lang='lat' dir='ltr'>legem</span> <span class='ocrx_word' id='word_1_198' title='bbox 600 2013 696 2061; x_wconf 85' lang='lat' dir='ltr'>offerunt</span> <span class='ocrx_word' id='word_1_199' title='bbox 725 2010 843 2063; x_wconf 70' lang='lat' dir='ltr'>delubrum,</span> <span class='ocrx_word' id='word_1_200' title='bbox 850 2020 875 2060; x_wconf 74' lang='lat' dir='ltr'>,et</span> <span class='ocrx_word' id='word_1_201' title='bbox 882 2027 964 2063; x_wconf 84' lang='lat' dir='ltr'>mensa.</span> <span class='ocrx_word' id='word_1_202' title='bbox 971 2021 995 2058; x_wconf 89' lang='lat' dir='ltr'>et</span> <span class='ocrx_word' id='word_1_203' title='bbox 1001 2013 1107 2075; x_wconf 84' lang='lat' dir='ltr'>propositi</span> <span class='ocrx_word' id='word_1_204' title='bbox 1116 2027 1193 2073; x_wconf 79' lang='lat' dir='ltr'>panea,</span> 
     </span>
     <span class='ocr_line' id='line_1_26' title="bbox 230 2075 987 2138; baseline -0.001 -13"><span class='ocrx_word' id='word_1_205' title='bbox 230 2080 303 2135; x_wconf 87' lang='lat' dir='ltr'>dona;</span> <span class='ocrx_word' id='word_1_206' title='bbox 726 2075 785 2138; x_wconf 87' lang='lat' dir='ltr'>quod</span> <span class='ocrx_word' id='word_1_207' title='bbox 797 2075 880 2121; x_wconf 84' lang='lat' dir='ltr'>Sancta</span> <span class='ocrx_word' id='word_1_208' title='bbox 891 2084 987 2124; x_wconf 81' lang='lat' dir='ltr'>vocant:</span> 
     </span>
     <span class='ocr_line' id='line_1_27' title="bbox 261 2138 1192 2203; baseline -0.004 -13"><span class='ocrx_word' id='word_1_209' title='bbox 261 2147 277 2190; x_wconf 82' lang='lat'><em>5</em></span> <span class='ocrx_word' id='word_1_210' title='bbox 295 2141 329 2190; x_wconf 92' lang='lat' dir='ltr'>Ut</span> <span class='ocrx_word' id='word_1_211' title='bbox 339 2142 376 2203; x_wconf 92' lang='lat' dir='ltr'>qui</span> <span class='ocrx_word' id='word_1_212' title='bbox 388 2140 507 2203; x_wconf 82' lang='lat' dir='ltr'>exemplari</span> <span class='ocrx_word' id='word_1_213' title='bbox 518 2148 541 2187; x_wconf 90' lang='lat' dir='ltr'>et</span> <span class='ocrx_word' id='word_1_214' title='bbox 552 2142 642 2188; x_wconf 86' lang='lat' dir='ltr'>umbrae</span> <span class='ocrx_word' id='word_1_215' title='bbox 654 2142 694 2188; x_wconf 84' lang='lat' dir='ltr'>de·</span> <span class='ocrx_word' id='word_1_216' title='bbox 759 2138 845 2186; x_wconf 74' lang='lat' dir='ltr'>apost</span> <span class='ocrx_word' id='word_1_217' title='bbox 856 2139 952 2186; x_wconf 87' lang='lat' dir='ltr'>medium</span> <span class='ocrx_word' id='word_1_218' title='bbox 965 2149 1038 2187; x_wconf 80' lang='lat' dir='ltr'>autem</span> <span class='ocrx_word' id='word_1_219' title='bbox 1051 2140 1125 2186; x_wconf 83' lang='lat' dir='ltr'>velum</span> <span class='ocrx_word' id='word_1_220' title='bbox 1142 2149 1192 2186; x_wconf 80' lang='lat' dir='ltr'>erat</span> 
     </span>
     <span class='ocr_line' id='line_1_28' title="bbox 230 2203 1195 2266; baseline -0.003 -12"><span class='ocrx_word' id='word_1_221' title='bbox 230 2207 327 2254; x_wconf 78' lang='lat' dir='ltr'>serviant</span> <span class='ocrx_word' id='word_1_222' title='bbox 338 2222 411 2253; x_wconf 90' lang='lat' dir='ltr'>rerum</span> <span class='ocrx_word' id='word_1_223' title='bbox 422 2207 558 2261; x_wconf 81' lang='lat' dir='ltr'>coelestium,</span> <span class='ocrx_word' id='word_1_224' title='bbox 569 2206 626 2252; x_wconf 84' lang='lat' dir='ltr'>sicut</span> <span class='ocrx_word' id='word_1_225' title='bbox 637 2207 694 2252; x_wconf 86' lang='lat' dir='ltr'>divi-</span> <span class='ocrx_word' id='word_1_226' title='bbox 729 2203 900 2260; x_wconf 83' lang='lat' dir='ltr'>tabernaculum,</span> <span class='ocrx_word' id='word_1_227' title='bbox 924 2205 983 2266; x_wconf 90' lang='lat' dir='ltr'>quod</span> <span class='ocrx_word' id='word_1_228' title='bbox 1005 2213 1087 2251; x_wconf 88' lang='lat' dir='ltr'>vocant</span> <span class='ocrx_word' id='word_1_229' title='bbox 1112 2205 1195 2260; x_wconf 77' lang='lat' dir='ltr'>Sancta</span> 
     </span>
     <span class='ocr_line' id='line_1_29' title="bbox 214 2270 882 2330; baseline -0.007 -12"><span class='ocrx_word' id='word_1_230' title='bbox 214 2270 289 2320; x_wconf 83' lang='lat' dir='ltr'>-nitds</span> <span class='ocrx_word' id='word_1_231' title='bbox 311 2272 394 2318; x_wconf 86' lang='lat' dir='ltr'>dictum</span> <span class='ocrx_word' id='word_1_232' title='bbox 415 2277 449 2317; x_wconf 86' lang='lat' dir='ltr'>eat</span> <span class='ocrx_word' id='word_1_233' title='bbox 466 2270 535 2330; x_wconf 81' lang='lat' dir='ltr'>Masi,</span> <span class='ocrx_word' id='word_1_234' title='bbox 552 2285 621 2330; x_wconf 92' lang='lat' dir='ltr'>quum</span> <span class='ocrx_word' id='word_1_235' title='bbox 631 2278 696 2318; x_wconf 70' lang='lat' dir='ltr'>*esset</span> <span class='ocrx_word' id='word_1_236' title='bbox 732 2271 882 2322; x_wconf 67' lang='lat' dir='ltr'>Sanctoruma</span> 
     </span>
     <span class='ocr_line' id='line_1_30' title="bbox 230 2330 1192 2390; baseline -0.006 -7"><span class='ocrx_word' id='word_1_237' title='bbox 230 2337 369 2384; x_wconf 81' lang='lat' dir='ltr'>absoluturus</span> <span class='ocrx_word' id='word_1_238' title='bbox 380 2334 550 2387; x_wconf 69' lang='lat' dir='ltr'>talernaculum,</span> <span class='ocrx_word' id='word_1_239' title='bbox 563 2333 694 2390; x_wconf 74' lang='lat' dir='ltr'>Videenim,</span> <span class='ocrx_word' id='word_1_240' title='bbox 731 2367 733 2372; x_wconf 70' lang='lat'>,</span> <span class='ocrx_word' id='word_1_241' title='bbox 762 2330 890 2380; x_wconf 75' lang='lat' dir='ltr'>tAureum</span> <span class='ocrx_word' id='word_1_242' title='bbox 907 2333 990 2379; x_wconf 85' lang='lat' dir='ltr'>babens</span> <span class='ocrx_word' id='word_1_243' title='bbox 1012 2333 1154 2384; x_wconf 82' lang='lat' dir='ltr'>thuribulum.</span> <span class='ocrx_word' id='word_1_244' title='bbox 1171 2342 1192 2378; x_wconf 86' lang='lat' dir='ltr'>et</span> 
     </span>
     <span class='ocr_line' id='line_1_31' title="bbox 230 2395 1194 2462; baseline -0.004 -16"><span class='ocrx_word' id='word_1_245' title='bbox 230 2402 307 2461; x_wconf 84' lang='lat' dir='ltr'>inquit,</span> <span class='ocrx_word' id='word_1_246' title='bbox 324 2408 351 2448; x_wconf 88' lang='lat' dir='ltr'>ut</span> <span class='ocrx_word' id='word_1_247' title='bbox 366 2399 433 2447; x_wconf 78' lang='lat' dir='ltr'>facias</span> <span class='ocrx_word' id='word_1_248' title='bbox 449 2401 525 2446; x_wconf 87' lang='lat' dir='ltr'>omnia</span> <span class='ocrx_word' id='word_1_249' title='bbox 540 2399 568 2445; x_wconf 84' lang='lat' dir='ltr'>ad</span> <span class='ocrx_word' id='word_1_250' title='bbox 583 2399 696 2462; x_wconf 83' lang='lat' dir='ltr'>exemplar</span> <span class='ocrx_word' id='word_1_251' title='bbox 730 2413 806 2445; x_wconf 80' lang='lat' dir='ltr'>aream</span> <span class='ocrx_word' id='word_1_252' title='bbox 816 2395 912 2443; x_wconf 78' lang='lat' dir='ltr'>foederis</span> <span class='ocrx_word' id='word_1_253' title='bbox 922 2397 1018 2457; x_wconf 88' lang='lat' dir='ltr'>undique</span> <span class='ocrx_word' id='word_1_254' title='bbox 1028 2397 1194 2443; x_wconf 83' lang='lat' dir='ltr'>circumtectam</span> 
     </span>
     <span class='ocr_line' id='line_1_32' title="bbox 229 2457 1195 2526; baseline -0.005 -15"><span class='ocrx_word' id='word_1_255' title='bbox 229 2465 289 2526; x_wconf 92' lang='lat' dir='ltr'>quod</span> <span class='ocrx_word' id='word_1_256' title='bbox 300 2472 414 2511; x_wconf 87' lang='lat' dir='ltr'>ostensum</span> <span class='ocrx_word' id='word_1_257' title='bbox 424 2471 459 2510; x_wconf 83' lang='lat' dir='ltr'>eat</span> <span class='ocrx_word' id='word_1_258' title='bbox 470 2464 635 2510; x_wconf 86' lang='lat' dir='ltr'>tibiinmonte.</span> <span class='ocrx_word' id='word_1_259' title='bbox 730 2478 801 2519; x_wconf 85' lang='lat' dir='ltr'>auro;</span> <span class='ocrx_word' id='word_1_260' title='bbox 824 2463 847 2506; x_wconf 93' lang='lat' dir='ltr'>in</span> <span class='ocrx_word' id='word_1_261' title='bbox 872 2457 922 2522; x_wconf 74' lang='lat' dir='ltr'>qud,</span> <span class='ocrx_word' id='word_1_262' title='bbox 949 2476 1004 2507; x_wconf 88' lang='lat' dir='ltr'>urna</span> <span class='ocrx_word' id='word_1_263' title='bbox 1027 2477 1094 2508; x_wconf 88' lang='lat' dir='ltr'>aurea</span> <span class='ocrx_word' id='word_1_264' title='bbox 1112 2461 1195 2508; x_wconf 76' lang='lat' dir='ltr'>habens</span> 
     </span>
     <span class='ocr_line' id='line_1_33' title="bbox 262 2524 1194 2588; baseline -0.006 -12"><span class='ocrx_word' id='word_1_265' title='bbox 262 2533 278 2576; x_wconf 88' lang='grc'>6</span> <span class='ocrx_word' id='word_1_266' title='bbox 295 2530 327 2574; x_wconf 88' lang='lat' dir='ltr'>At</span> <span class='ocrx_word' id='word_1_267' title='bbox 338 2543 397 2574; x_wconf 91' lang='lat' dir='ltr'>nunc</span> <span class='ocrx_word' id='word_1_268' title='bbox 408 2536 483 2575; x_wconf 82' lang='lat' dir='ltr'>noster</span> <span class='ocrx_word' id='word_1_269' title='bbox 493 2529 532 2574; x_wconf 71' lang='lat' dir='ltr'>itte</span> <span class='ocrx_word' id='word_1_270' title='bbox 549 2525 656 2588; x_wconf 67' lang='lat' dir='ltr'>Pmttifer</span> <span class='ocrx_word' id='word_1_271' title='bbox 671 2543 696 2574; x_wconf 80' lang='lat' dir='ltr'>eo</span> <span class='ocrx_word' id='word_1_272' title='bbox 730 2541 821 2578; x_wconf 82' lang='lat' dir='ltr'>manna,</span> <span class='ocrx_word' id='word_1_273' title='bbox 831 2533 855 2572; x_wconf 84' lang='lat' dir='ltr'>et</span> <span class='ocrx_word' id='word_1_274' title='bbox 866 2526 931 2586; x_wconf 81' lang='lat' dir='ltr'>virga</span> <span class='ocrx_word' id='word_1_275' title='bbox 942 2526 978 2570; x_wconf 85' lang='lat' dir='ltr'>iila</span> <span class='ocrx_word' id='word_1_276' title='bbox 991 2524 1068 2572; x_wconf 79' lang='lat' dir='ltr'>Aaron</span> <span class='ocrx_word' id='word_1_277' title='bbox 1077 2541 1134 2586; x_wconf 88' lang='lat' dir='ltr'>quae</span> <span class='ocrx_word' id='word_1_278' title='bbox 1142 2541 1194 2586; x_wconf 83' lang='lat' dir='ltr'>ger·</span> 
     </span>
     <span class='ocr_line' id='line_1_34' title="bbox 231 2589 1142 2646; baseline -0.004 -8"><span class='ocrx_word' id='word_1_279' title='bbox 231 2592 374 2638; x_wconf 84' lang='lat' dir='ltr'>excellentius</span> <span class='ocrx_word' id='word_1_280' title='bbox 384 2592 530 2638; x_wconf 83' lang='lat' dir='ltr'>ministerium</span> <span class='ocrx_word' id='word_1_281' title='bbox 547 2591 638 2638; x_wconf 80' lang='lat' dir='ltr'>sortitus</span> <span class='ocrx_word' id='word_1_282' title='bbox 654 2599 695 2646; x_wconf 79' lang='lat' dir='ltr'>est.</span> <span class='ocrx_word' id='word_1_283' title='bbox 731 2591 830 2643; x_wconf 79' lang='lat' dir='ltr'>minavit.</span> <span class='ocrx_word' id='word_1_284' title='bbox 837 2599 864 2637; x_wconf 78' lang='lat' dir='ltr'>et</span> <span class='ocrx_word' id='word_1_285' title='bbox 875 2590 960 2636; x_wconf 80' lang='lat' dir='ltr'>tabulae</span> <span class='ocrx_word' id='word_1_286' title='bbox 970 2590 1020 2636; x_wconf 86' lang='lat' dir='ltr'>iilae</span> <span class='ocrx_word' id='word_1_287' title='bbox 1029 2589 1142 2645; x_wconf 80' lang='lat' dir='ltr'>foederis3</span> 
     </span>
     <span class='ocr_line' id='line_1_35' title="bbox 231 2652 1194 2716; baseline -0.006 -15"><span class='ocrx_word' id='word_1_288' title='bbox 231 2671 275 2715; x_wconf 91' lang='lat' dir='ltr'>quo</span> <span class='ocrx_word' id='word_1_289' title='bbox 285 2655 449 2716; x_wconf 75' lang='lat' dir='ltr'>praestantioris</span> <span class='ocrx_word' id='word_1_290' title='bbox 465 2663 499 2700; x_wconf 89' lang='lat' dir='ltr'>eat</span> <span class='ocrx_word' id='word_1_291' title='bbox 515 2655 610 2700; x_wconf 76' lang='lat' dir='ltr'>foederis</span> <span class='ocrx_word' id='word_1_292' title='bbox 625 2655 695 2701; x_wconf 88' lang='lat' dir='ltr'>inter·</span> <span class='ocrx_word' id='word_1_293' title='bbox 761 2659 777 2701; x_wconf 84' lang='lat'><em>5</em></span> <span class='ocrx_word' id='word_1_294' title='bbox 795 2654 865 2715; x_wconf 87' lang='lat' dir='ltr'>Supra</span> <span class='ocrx_word' id='word_1_295' title='bbox 874 2655 931 2699; x_wconf 77' lang='lat' dir='ltr'>barac</span> <span class='ocrx_word' id='word_1_296' title='bbox 942 2661 1015 2698; x_wconf 86' lang='lat' dir='ltr'>autern</span> <span class='ocrx_word' id='word_1_297' title='bbox 1023 2653 1134 2697; x_wconf 86' lang='lat' dir='ltr'>cherubim</span> <span class='ocrx_word' id='word_1_298' title='bbox 1144 2652 1194 2712; x_wconf 85' lang='lat' dir='ltr'>gio·</span> 
     </span>
     <span class='ocr_line' id='line_1_36' title="bbox 230 2716 1195 2779; baseline -0.005 -15"><span class='ocrx_word' id='word_1_299' title='bbox 230 2734 311 2772; x_wconf 82' lang='lat' dir='ltr'>censor,</span> <span class='ocrx_word' id='word_1_300' title='bbox 318 2719 377 2778; x_wconf 93' lang='lat' dir='ltr'>quod</span> <span class='ocrx_word' id='word_1_301' title='bbox 384 2718 576 2779; x_wconf 87' lang='lat' dir='ltr'>praestantioribus</span> <span class='ocrx_word' id='word_1_302' title='bbox 582 2719 697 2779; x_wconf 85' lang='lat' dir='ltr'>promissis</span> <span class='ocrx_word' id='word_1_303' title='bbox 728 2718 780 2764; x_wconf 86' lang='lat' dir='ltr'>riosi</span> <span class='ocrx_word' id='word_1_304' title='bbox 792 2719 947 2764; x_wconf 71' lang='lat' dir='ltr'>obumbrantes</span> <span class='ocrx_word' id='word_1_305' title='bbox 961 2716 1151 2778; x_wconf 70' lang='lat' dir='ltr'>propitiatorium</span> <span class='ocrx_word' id='word_1_306' title='bbox 1168 2719 1195 2760; x_wconf 78' lang='lat' dir='ltr'>de</span> 
     </span>
     <span class='ocr_line' id='line_1_37' title="bbox 230 2780 1196 2842; baseline -0.006 -13"><span class='ocrx_word' id='word_1_307' title='bbox 230 2782 337 2830; x_wconf 83' lang='lat' dir='ltr'>sancitum</span> <span class='ocrx_word' id='word_1_308' title='bbox 348 2788 389 2828; x_wconf 83' lang='lat' dir='ltr'>est.</span> <span class='ocrx_word' id='word_1_309' title='bbox 728 2783 807 2842; x_wconf 85' lang='lat' dir='ltr'>quibua</span> <span class='ocrx_word' id='word_1_310' title='bbox 817 2797 863 2828; x_wconf 90' lang='lat' dir='ltr'>non</span> <span class='ocrx_word' id='word_1_311' title='bbox 874 2789 908 2827; x_wconf 84' lang='lat' dir='ltr'>eat</span> <span class='ocrx_word' id='word_1_312' title='bbox 919 2795 978 2827; x_wconf 89' lang='lat' dir='ltr'>nunc</span> <span class='ocrx_word' id='word_1_313' title='bbox 989 2780 1105 2826; x_wconf 88' lang='lat' dir='ltr'>dicendum</span> <span class='ocrx_word' id='word_1_314' title='bbox 1117 2780 1196 2840; x_wconf 51' lang='lat' dir='ltr'>singu„</span> 
     </span>
     <span class='ocr_line' id='line_1_38' title="bbox 262 2843 797 2905; baseline -0.007 -11"><span class='ocrx_word' id='word_1_315' title='bbox 262 2848 277 2894; x_wconf 80' lang='lat'>&#39;1</span> <span class='ocrx_word' id='word_1_316' title='bbox 295 2844 355 2891; x_wconf 88' lang='lat' dir='ltr'>Nam</span> <span class='ocrx_word' id='word_1_317' title='bbox 371 2845 389 2892; x_wconf 90' lang='lat' dir='ltr'>si</span> <span class='ocrx_word' id='word_1_318' title='bbox 406 2845 466 2905; x_wconf 87' lang='lat' dir='ltr'>priua</span> <span class='ocrx_word' id='word_1_319' title='bbox 482 2843 536 2890; x_wconf 89' lang='lat' dir='ltr'>illud</span> <span class='ocrx_word' id='word_1_320' title='bbox 552 2844 596 2890; x_wconf 87' lang='lat' dir='ltr'>tale</span> <span class='ocrx_word' id='word_1_321' title='bbox 611 2844 695 2900; x_wconf 80' lang='lat' dir='ltr'>fnisset,</span> <span class='ocrx_word' id='word_1_322' title='bbox 728 2846 797 2892; x_wconf 83' lang='lat' dir='ltr'>latim.</span> 
     </span>
     <span class='ocr_line' id='line_1_39' title="bbox 230 2906 1196 2971; baseline -0.006 -13"><span class='ocrx_word' id='word_1_323' title='bbox 230 2917 255 2958; x_wconf 92' lang='lat' dir='ltr'>ut</span> <span class='ocrx_word' id='word_1_324' title='bbox 264 2910 317 2956; x_wconf 87' lang='lat' dir='ltr'>nihil</span> <span class='ocrx_word' id='word_1_325' title='bbox 328 2910 349 2956; x_wconf 94' lang='lat' dir='ltr'>in</span> <span class='ocrx_word' id='word_1_326' title='bbox 361 2925 388 2957; x_wconf 90' lang='lat' dir='ltr'>eo</span> <span class='ocrx_word' id='word_1_327' title='bbox 400 2916 475 2971; x_wconf 88' lang='lat' dir='ltr'>posset</span> <span class='ocrx_word' id='word_1_328' title='bbox 486 2908 572 2969; x_wconf 85' lang='lat' dir='ltr'>requiri,</span> <span class='ocrx_word' id='word_1_329' title='bbox 582 2909 695 2970; x_wconf 85' lang='lat' dir='ltr'>baudqna·</span> <span class='ocrx_word' id='word_1_330' title='bbox 740 2931 741 2936; x_wconf 43' lang='lat'>¹</span> <span class='ocrx_word' id='word_1_331' title='bbox 761 2915 777 2957; x_wconf 83' lang='lat'><strong>6</strong></span> <span class='ocrx_word' id='word_1_332' title='bbox 794 2909 839 2956; x_wconf 79' lang='lat' dir='ltr'>His</span> <span class='ocrx_word' id='word_1_333' title='bbox 850 2908 904 2955; x_wconf 87' lang='lat' dir='ltr'>verd</span> <span class='ocrx_word' id='word_1_334' title='bbox 920 2910 950 2955; x_wconf 85' lang='lat' dir='ltr'>ita</span> <span class='ocrx_word' id='word_1_335' title='bbox 966 2906 1078 2960; x_wconf 88' lang='lat' dir='ltr'>ordinatis,</span> <span class='ocrx_word' id='word_1_336' title='bbox 1095 2906 1119 2952; x_wconf 89' lang='lat' dir='ltr'>in</span> <span class='ocrx_word' id='word_1_337' title='bbox 1135 2907 1196 2968; x_wconf 81' lang='lat' dir='ltr'>priua</span> 
     </span>
     <span class='ocr_line' id='line_1_40' title="bbox 230 2969 1196 3037; baseline -0.004 -15"><span class='ocrx_word' id='word_1_338' title='bbox 230 2991 296 3037; x_wconf 86' lang='lat' dir='ltr'>quam</span> <span class='ocrx_word' id='word_1_339' title='bbox 307 2973 384 3022; x_wconf 83' lang='lat' dir='ltr'>fuisset</span> <span class='ocrx_word' id='word_1_340' title='bbox 395 2974 492 3020; x_wconf 87' lang='lat' dir='ltr'>secundo</span> <span class='ocrx_word' id='word_1_341' title='bbox 503 2973 614 3034; x_wconf 85' lang='lat' dir='ltr'>quaesitus</span> <span class='ocrx_word' id='word_1_342' title='bbox 624 2973 695 3021; x_wconf 83' lang='lat' dir='ltr'>iocus.</span> <span class='ocrx_word' id='word_1_343' title='bbox 727 2969 817 3034; x_wconf 72' lang='lat' dir='ltr'>quidem</span> <span class='ocrx_word' id='word_1_344' title='bbox 828 2973 991 3020; x_wconf 86' lang='lat' dir='ltr'>tabernaculum</span> <span class='ocrx_word' id='word_1_345' title='bbox 1003 2972 1082 3032; x_wconf 82' lang='lat' dir='ltr'>quouis</span> <span class='ocrx_word' id='word_1_346' title='bbox 1098 2979 1196 3030; x_wconf 75' lang='lat' dir='ltr'>tempora</span> 
     </span>
     <span class='ocr_line' id='line_1_41' title="bbox 263 3035 1194 3099; baseline -0.006 -13"><span class='ocrx_word' id='word_1_347' title='bbox 263 3038 609 3098; x_wconf 77' lang='lat' dir='ltr'>aNamineuaanseosinquit,</span> <span class='ocrx_word' id='word_1_348' title='bbox 626 3037 695 3092; x_wconf 88' lang='lat' dir='ltr'>Ecce,</span> <span class='ocrx_word' id='word_1_349' title='bbox 728 3038 882 3099; x_wconf 85' lang='lat' dir='ltr'>ingrediuntur</span> <span class='ocrx_word' id='word_1_350' title='bbox 908 3037 1034 3084; x_wconf 80' lang='lat' dir='ltr'>sacerdotes</span> <span class='ocrx_word' id='word_1_351' title='bbox 1061 3035 1116 3081; x_wconf 85' lang='lat' dir='ltr'>ritus</span> <span class='ocrx_word' id='word_1_352' title='bbox 1142 3036 1194 3080; x_wconf 71' lang='lat' dir='ltr'>nise·</span> 
     </span>
     <span class='ocr_line' id='line_1_42' title="bbox 231 3101 807 3162; baseline -0.007 -10"><span class='ocrx_word' id='word_1_353' title='bbox 231 3105 277 3152; x_wconf 85' lang='lat' dir='ltr'>dies</span> <span class='ocrx_word' id='word_1_354' title='bbox 295 3105 392 3157; x_wconf 84' lang='lat' dir='ltr'>venient,</span> <span class='ocrx_word' id='word_1_355' title='bbox 410 3103 463 3149; x_wconf 84' lang='lat' dir='ltr'>dicit</span> <span class='ocrx_word' id='word_1_356' title='bbox 485 3101 605 3156; x_wconf 81' lang='lat' dir='ltr'>Dominus,</span> <span class='ocrx_word' id='word_1_357' title='bbox 627 3117 695 3162; x_wconf 90' lang='lat' dir='ltr'>quum</span> <span class='ocrx_word' id='word_1_358' title='bbox 728 3111 807 3149; x_wconf 81' lang='lat' dir='ltr'>untes:</span> 
     </span>
     <span class='ocr_line' id='line_1_43' title="bbox 231 3163 1194 3232; baseline -0.007 -18"><span class='ocrx_word' id='word_1_359' title='bbox 231 3183 336 3232; x_wconf 77' lang='lat' dir='ltr'>peragam</span> <span class='ocrx_word' id='word_1_360' title='bbox 352 3183 403 3214; x_wconf 90' lang='lat' dir='ltr'>cum</span> <span class='ocrx_word' id='word_1_361' title='bbox 420 3167 487 3213; x_wconf 86' lang='lat' dir='ltr'>demo</span> <span class='ocrx_word' id='word_1_362' title='bbox 504 3165 599 3222; x_wconf 78' lang='lat' dir='ltr'>Israelis,</span> <span class='ocrx_word' id='word_1_363' title='bbox 610 3173 695 3212; x_wconf 88' lang='lat' dir='ltr'>etcum</span> <span class='ocrx_word' id='word_1_364' title='bbox 762 3169 776 3213; x_wconf 84' lang='grc'><strong>7</strong></span> <span class='ocrx_word' id='word_1_365' title='bbox 795 3164 822 3211; x_wconf 88' lang='lat' dir='ltr'>ln</span> <span class='ocrx_word' id='word_1_366' title='bbox 833 3165 955 3211; x_wconf 86' lang='lat' dir='ltr'>secundum</span> <span class='ocrx_word' id='word_1_367' title='bbox 967 3171 1041 3211; x_wconf 89' lang='lat' dir='ltr'>autem</span> <span class='ocrx_word' id='word_1_368' title='bbox 1053 3163 1122 3210; x_wconf 88' lang='lat' dir='ltr'>semel</span> <span class='ocrx_word' id='word_1_369' title='bbox 1128 3171 1194 3223; x_wconf 87' lang='lat' dir='ltr'>quot·</span> 
     </span>
     <span class='ocr_line' id='line_1_44' title="bbox 231 3229 1199 3293; baseline -0.006 -14"><span class='ocrx_word' id='word_1_370' title='bbox 231 3233 299 3279; x_wconf 89' lang='lat' dir='ltr'>domo</span> <span class='ocrx_word' id='word_1_371' title='bbox 307 3231 386 3284; x_wconf 79' lang='lat' dir='ltr'>Judae,</span> <span class='ocrx_word' id='word_1_372' title='bbox 397 3230 475 3277; x_wconf 75' lang='lat' dir='ltr'>foedus</span> <span class='ocrx_word' id='word_1_373' title='bbox 485 3245 587 3276; x_wconf 75' lang='lat' dir='ltr'>novuma</span> <span class='ocrx_word' id='word_1_374' title='bbox 728 3230 792 3277; x_wconf 89' lang='lat' dir='ltr'>annia</span> <span class='ocrx_word' id='word_1_375' title='bbox 814 3229 874 3276; x_wconf 84' lang='lat' dir='ltr'>solua</span> <span class='ocrx_word' id='word_1_376' title='bbox 890 3229 997 3290; x_wconf 79' lang='lat' dir='ltr'>pontifex,</span> <span class='ocrx_word' id='word_1_377' title='bbox 1015 3243 1060 3274; x_wconf 86' lang='lat' dir='ltr'>non</span> <span class='ocrx_word' id='word_1_378' title='bbox 1077 3229 1125 3272; x_wconf 87' lang='lat' dir='ltr'>sine</span> <span class='ocrx_word' id='word_1_379' title='bbox 1142 3242 1199 3293; x_wconf 36' lang='lat' dir='ltr'>ann».</span> 
     </span>
     <span class='ocr_line' id='line_1_45' title="bbox 263 3291 1194 3355; baseline -0.01 -11"><span class='ocrx_word' id='word_1_380' title='bbox 263 3301 279 3344; x_wconf 81' lang='lat'><strong>9</strong></span> <span class='ocrx_word' id='word_1_381' title='bbox 296 3294 350 3341; x_wconf 85' lang='lat' dir='ltr'>Non</span> <span class='ocrx_word' id='word_1_382' title='bbox 362 3291 483 3342; x_wconf 83' lang='lat' dir='ltr'>secundbm</span> <span class='ocrx_word' id='word_1_383' title='bbox 493 3293 579 3348; x_wconf 79' lang='lat' dir='ltr'>foedus,</span> <span class='ocrx_word' id='word_1_384' title='bbox 591 3294 650 3354; x_wconf 91' lang='lat' dir='ltr'>quod</span> <span class='ocrx_word' id='word_1_385' title='bbox 661 3293 695 3340; x_wconf 79' lang='lat' dir='ltr'>fc·</span> <span class='ocrx_word' id='word_1_386' title='bbox 728 3295 804 3355; x_wconf 79' lang='lat' dir='ltr'>guine,</span> <span class='ocrx_word' id='word_1_387' title='bbox 815 3308 881 3354; x_wconf 88' lang='lat' dir='ltr'>quern</span> <span class='ocrx_word' id='word_1_388' title='bbox 890 3293 957 3340; x_wconf 76' lang='lat' dir='ltr'>offert</span> <span class='ocrx_word' id='word_1_389' title='bbox 969 3308 1009 3355; x_wconf 84' lang='lat' dir='ltr'>pro</span> <span class='ocrx_word' id='word_1_390' title='bbox 1020 3293 1099 3353; x_wconf 79' lang='lat' dir='ltr'>seipso,</span> <span class='ocrx_word' id='word_1_391' title='bbox 1117 3301 1138 3336; x_wconf 90' lang='lat' dir='ltr'>et</span> <span class='ocrx_word' id='word_1_392' title='bbox 1155 3305 1194 3351; x_wconf 77' lang='lat' dir='ltr'>prs</span> 
     </span>
     <span class='ocr_line' id='line_1_46' title="bbox 232 3357 905 3421; baseline -0.004 -15"><span class='ocrx_word' id='word_1_393' title='bbox 232 3360 251 3406; x_wconf 77' lang='lat' dir='ltr'>ai</span> <span class='ocrx_word' id='word_1_394' title='bbox 262 3375 314 3406; x_wconf 90' lang='lat' dir='ltr'>cum</span> <span class='ocrx_word' id='word_1_395' title='bbox 325 3359 421 3421; x_wconf 86' lang='lat' dir='ltr'>patribus</span> <span class='ocrx_word' id='word_1_396' title='bbox 432 3358 537 3419; x_wconf 84' lang='lat' dir='ltr'>ipsorum,</span> <span class='ocrx_word' id='word_1_397' title='bbox 545 3373 590 3418; x_wconf 90' lang='lat' dir='ltr'>quo</span> <span class='ocrx_word' id='word_1_398' title='bbox 598 3357 634 3404; x_wconf 91' lang='lat' dir='ltr'>die</span> <span class='ocrx_word' id='word_1_399' title='bbox 644 3373 696 3418; x_wconf 85' lang='lat' dir='ltr'>pre·</span> <span class='ocrx_word' id='word_1_400' title='bbox 729 3358 804 3420; x_wconf 83' lang='lat' dir='ltr'>populi</span> <span class='ocrx_word' id='word_1_401' title='bbox 815 3358 905 3403; x_wconf 78' lang='lat' dir='ltr'>erratis:</span> 
     </span>
     <span class='ocr_line' id='line_1_47' title="bbox 232 3419 1196 3484; baseline -0.007 -14"><span class='ocrx_word' id='word_1_402' title='bbox 232 3423 297 3470; x_wconf 74' lang='lat' dir='ltr'>&#39;tuendi</span> <span class='ocrx_word' id='word_1_403' title='bbox 312 3438 404 3469; x_wconf 82' lang='lat' dir='ltr'>manum</span> <span class='ocrx_word' id='word_1_404' title='bbox 419 3422 525 3484; x_wconf 83' lang='lat' dir='ltr'>ipsorum,</span> <span class='ocrx_word' id='word_1_405' title='bbox 540 3429 566 3468; x_wconf 92' lang='lat' dir='ltr'>ut</span> <span class='ocrx_word' id='word_1_406' title='bbox 579 3422 698 3468; x_wconf 82' lang='lat' dir='ltr'>educerem</span> <span class='ocrx_word' id='word_1_407' title='bbox 761 3427 776 3467; x_wconf 88' lang='grc'><strong>8</strong></span> <span class='ocrx_word' id='word_1_408' title='bbox 795 3421 848 3468; x_wconf 88' lang='lat' dir='ltr'>Hoc</span> <span class='ocrx_word' id='word_1_409' title='bbox 863 3421 988 3467; x_wconf 81' lang='lat' dir='ltr'>declarante</span> <span class='ocrx_word' id='word_1_410' title='bbox 1006 3419 1089 3480; x_wconf 65' lang='lat' dir='ltr'>Spiritu</span> <span class='ocrx_word' id='word_1_411' title='bbox 1108 3419 1196 3472; x_wconf 65' lang='lat' dir='ltr'>Sancta</span> 
     </span>
     <span class='ocr_line' id='line_1_48' title="bbox 232 3480 1196 3547; baseline -0.009 -11"><span class='ocrx_word' id='word_1_412' title='bbox 232 3500 310 3536; x_wconf 73' lang='lat' dir='ltr'>mcx</span> <span class='ocrx_word' id='word_1_413' title='bbox 321 3487 444 3547; x_wconf 60' lang='lat' dir='ltr'>Aegypton</span> <span class='ocrx_word' id='word_1_414' title='bbox 463 3500 514 3532; x_wconf 88' lang='lat' dir='ltr'>narn</span> <span class='ocrx_word' id='word_1_415' title='bbox 531 3485 572 3546; x_wconf 88' lang='lat' dir='ltr'>ipsi</span> <span class='ocrx_word' id='word_1_416' title='bbox 588 3500 634 3531; x_wconf 88' lang='lat' dir='ltr'>non</span> <span class='ocrx_word' id='word_1_417' title='bbox 645 3501 696 3546; x_wconf 85' lang='lat' dir='ltr'>per-</span> <span class='ocrx_word' id='word_1_418' title='bbox 729 3486 828 3532; x_wconf 87' lang='lat' dir='ltr'>nondum</span> <span class='ocrx_word' id='word_1_419' title='bbox 850 3485 981 3546; x_wconf 79' lang='lat' dir='ltr'>patefactam</span> <span class='ocrx_word' id='word_1_420' title='bbox 1004 3484 1072 3529; x_wconf 70' lang='lat' dir='ltr'>fuisse</span> <span class='ocrx_word' id='word_1_421' title='bbox 1093 3483 1153 3528; x_wconf 81' lang='lat' dir='ltr'>vium</span> <span class='ocrx_word' id='word_1_422' title='bbox 1170 3480 1196 3528; x_wconf 85' lang='lat' dir='ltr'>ad</span> 
     </span>
     <span class='ocr_line' id='line_1_49' title="bbox 231 3546 1196 3611; baseline -0.008 -13"><span class='ocrx_word' id='word_1_423' title='bbox 231 3551 334 3598; x_wconf 53' lang='lat' dir='ltr'>*uernat</span> <span class='ocrx_word' id='word_1_424' title='bbox 345 3551 367 3596; x_wconf 92' lang='lat' dir='ltr'>in</span> <span class='ocrx_word' id='word_1_425' title='bbox 383 3550 421 3596; x_wconf 82' lang='lat' dir='ltr'>iilo</span> <span class='ocrx_word' id='word_1_426' title='bbox 437 3563 487 3595; x_wconf 89' lang='lat' dir='ltr'>meo</span> <span class='ocrx_word' id='word_1_427' title='bbox 503 3548 598 3605; x_wconf 76' lang='lat' dir='ltr'>saedere.</span> <span class='ocrx_word' id='word_1_428' title='bbox 614 3557 638 3596; x_wconf 85' lang='lat' dir='ltr'>et</span> <span class='ocrx_word' id='word_1_429' title='bbox 653 3565 697 3611; x_wconf 81' lang='lat' dir='ltr'>ego</span> <span class='ocrx_word' id='word_1_430' title='bbox 729 3550 856 3603; x_wconf 80' lang='lat' dir='ltr'>sacrarium,</span> <span class='ocrx_word' id='word_1_431' title='bbox 877 3549 951 3610; x_wconf 86' lang='lat' dir='ltr'>pn&#39;ore</span> <span class='ocrx_word' id='word_1_432' title='bbox 968 3546 1109 3594; x_wconf 86' lang='lat' dir='ltr'>tabernaculo</span> <span class='ocrx_word' id='word_1_433' title='bbox 1125 3547 1196 3591; x_wconf 72' lang='lat' dir='ltr'>ardut</span> 
     </span>
     <span class='ocr_line' id='line_1_50' title="bbox 234 3612 877 3674; baseline -0.005 -13"><span class='ocrx_word' id='word_1_434' title='bbox 234 3613 321 3674; x_wconf 67' lang='lat' dir='ltr'>baptenti</span> <span class='ocrx_word' id='word_1_435' title='bbox 331 3629 377 3668; x_wconf 84' lang='lat' dir='ltr'>eos,</span> <span class='ocrx_word' id='word_1_436' title='bbox 388 3613 441 3660; x_wconf 88' lang='lat' dir='ltr'>dicit</span> <span class='ocrx_word' id='word_1_437' title='bbox 452 3612 573 3660; x_wconf 83' lang='lat' dir='ltr'>Dominus.</span> <span class='ocrx_word' id='word_1_438' title='bbox 729 3615 877 3660; x_wconf 81' lang='lat' dir='ltr'>consistente:</span> 
     </span>
     <span class='ocr_line' id='line_1_51' title="bbox 266 3674 1193 3738; baseline -0.003 -17"><span class='ocrx_word' id='word_1_439' title='bbox 266 3681 296 3721; x_wconf 93' lang='lat'>10</span> <span class='ocrx_word' id='word_1_440' title='bbox 307 3677 456 3730; x_wconf 84' lang='lat' dir='ltr'>Quamobrem</span> <span class='ocrx_word' id='word_1_441' title='bbox 466 3677 697 3738; x_wconf 84' lang='lat' dir='ltr'>boeestfoednsquod</span> <span class='ocrx_word' id='word_1_442' title='bbox 762 3683 778 3726; x_wconf 81' lang='lat'><strong>9</strong></span> <span class='ocrx_word' id='word_1_443' title='bbox 795 3676 864 3731; x_wconf 84' lang='lat' dir='ltr'>Quod</span> <span class='ocrx_word' id='word_1_444' title='bbox 871 3684 921 3723; x_wconf 81' lang='lat' dir='ltr'>erat</span> <span class='ocrx_word' id='word_1_445' title='bbox 928 3674 1042 3736; x_wconf 83' lang='lat' dir='ltr'>exemplar</span> <span class='ocrx_word' id='word_1_446' title='bbox 1048 3687 1088 3735; x_wconf 92' lang='lat' dir='ltr'>pro</span> <span class='ocrx_word' id='word_1_447' title='bbox 1097 3681 1193 3734; x_wconf 74' lang='lat' dir='ltr'>tempora</span> 
     </span>
     <span class='ocr_line' id='line_1_52' title="bbox 231 3735 1190 3840; baseline 0 -56"><span class='ocrx_word' id='word_1_448' title='bbox 231 3739 329 3794; x_wconf 74' lang='lat' dir='ltr'>paciscar</span> <span class='ocrx_word' id='word_1_449' title='bbox 339 3739 413 3784; x_wconf 88' lang='lat' dir='ltr'>domui</span> <span class='ocrx_word' id='word_1_450' title='bbox 425 3736 515 3840; x_wconf 52' lang='lat' dir='ltr'>{qrgeiis</span> <span class='ocrx_word' id='word_1_451' title='bbox 526 3748 576 3801; x_wconf 88' lang='lat' dir='ltr'>post</span> <span class='ocrx_word' id='word_1_452' title='bbox 584 3741 696 3786; x_wconf 75' lang='lat' dir='ltr'>(desilies-</span> <span class='ocrx_word' id='word_1_453' title='bbox 729 3740 767 3786; x_wconf 84' lang='lat' dir='ltr'>itio</span> <span class='ocrx_word' id='word_1_454' title='bbox 794 3740 909 3801; x_wconf 81' lang='lat' dir='ltr'>praesenti,</span> <span class='ocrx_word' id='word_1_455' title='bbox 932 3755 977 3800; x_wconf 92' lang='lat' dir='ltr'>quo</span> <span class='ocrx_word' id='word_1_456' title='bbox 999 3739 1058 3785; x_wconf 82' lang='lat' dir='ltr'>dona</span> <span class='ocrx_word' id='word_1_457' title='bbox 1079 3735 1190 3784; x_wconf 66' lang='lat' dir='ltr'>sacrifi-ia</span> 
     </span>
    </p>
   </div>
   <div class='ocr_carea' id='block_1_3' title="bbox 0 0 1365 4312">
    <p class='ocr_par' dir='ltr' id='par_1_3' title="bbox 0 0 1365 4312">
     <span class='ocr_line' id='line_1_53' title="bbox 0 0 1365 4312; baseline 0 0"><span class='ocrx_word' id='word_1_458' title='bbox 0 0 1365 4312; x_wconf 95' lang='lat' dir='ltr'> </span> 
     </span>
    </p>
   </div>
  </div>
 </body>
</html>
