2734 4314
510 397 736 462 MA'ITHAEUS,
760 407 819 455 XX.

195 528 251 567 ιιιιι,
263 513 317 558 vidit
328 511 382 559 alios
394 523 478 558 stantes
494 510 517 556 in
533 509 583 556 loro
598 515 656 555 otro·
689 523 755 562 mam,
767 515 789 553 et
802 507 872 554 Filius
882 507 978 554 hominis
994 509 1093 556 tradetur
1107 525 1143 572 pn

193 593 244 626 ,ως
689 572 763 618 mariis
775 573 923 620 sacerdotibus
934 588 959 618 ac
971 575 1052 628 scribis,
1064 581 1141 620 etcon

224 643 240 686 4
257 639 289 686 Et
300 639 343 686 illis
354 639 415 693 dixit,
427 638 496 684 Abite
504 647 527 683 et
538 653 579 683 vos
590 637 613 682 in
622 637 656 682 vi-
689 637 824 682 demnabunt
834 653 886 682 eum
898 645 987 693 morte·

193 719 272 761 neam3
289 712 312 750 et
327 704 473 764 quodcunque
485 703 572 764 justum
591 700 658 747 fuerit
724 704 753 746 19
772 695 915 762 Tra'dentque
932 716 983 746 eum
1002 702 1112 762 gentibus,
1130 709 1153 751 ut

193 770 247 815 dabo
259 769 328 815 vobis.
689 764 788 818 illudant,
800 772 823 811 et
833 765 953 825 flagellent,
968 773 991 811 et
1007 765 1154 828 crucifigant,

166 825 170 836 ¹
225 835 240 880 5
263 831 299 878 illi
321 840 395 878 sutem
417 831 524 876 abierunt
558 827 658 876 Rursum
690 829 804 874 seltertro
816 829 851 875 dre
863 839 971 890 resurget
1056 877 1061 884 ,

195 913 245 959 ·egr
233 913 296 944 ssus
310 897 365 942 :irea
381 903 466 942 sextam
482 902 506 940 et
521 909 604 940 nouam
615 894 695 939 ho-
722 897 753 937 20
770 893 864 953 {Tunc
876 894 937 939 venit
948 894 975 939 ad
986 909 1037 939 eum
1049 894 1152 941 materii-

195 977 245 1016 raro,
257 961 311 1006 feeit
321 961 403 1006 itidem.
689 957 769 1002 liorum
787 957 900 1010 Zebedaei,
917 972 969 1002 cum
985 957 1035 1004 liliis
1052 960 1103 1014 suis,
1115 961 1161 1005 ad·v

225 1030 240 1072 6
258 1023 325 1072 Circa
341 1026 417 1071 horam
434 1033 508 1070 autern
520 1021 658 1068 undecimum
690 1035 763 1074 orans,
775 1028 798 1068 et
805 1033 891 1100 petens
894 1021 975 1081 aliquid
986 1023 1013 1067 ab
1023 1036 1058 1068 eo.

193 1105 302 1152 .gressus,
313 1089 399 1137 invenit
409 1089 463 1134 alios
473 1093 556 1134 stantes
566 1087 656 1140 otiosos,
722 1089 750 1130 21
771 1083 823 1146 Ipse
839 1081 893 1131 verd
908 1086 998 1131 dixit'
979 1100 1006 1139 er,
1025 1086 1123 1139 Quid'
1102 1085 1153 1132 vasi

195 1169 218 1201 te
229 1155 311 1200 dicit'
292 1169 330 1208 ers,
340 1152 388 1201 Cur
399 1153 434 1198 hle
443 1152 505 1198 stetis
516 1158 588 1197 totum
599 1150 656 1196 diem
690 1149 757 1196 nit·
739 1165 766 1203 er,
777 1149 823 1196 Dic
831 1157 856 1194 ut
862 1149 966 1196 sedeant
960 1151 997 1196 rsti
1004 1150 1048 1196 duo
1056 1149 1094 1195 lilii
1103 1152 1154 1205 mei,
1161 1188 1169 1208 ,Ἰ

194 1218 277 1264 otiosi?
690 1229 747 1259 unus
766 1214 794 1260 ad
815 1213 916 1260 dextram
932 1221 1001 1268 tuam,
1017 1222 1040 1260 et
1056 1215 1111 1262 alter
1127 1214 1154 1262 ad
1217 1256 1224 1261 .

226 1286 240 1329 7
258 1281 375 1328 Dicunt
356 1297 382 1335 er,
396 1281 457 1334 Quia
471 1295 537 1324 nemo
548 1294 589 1324 nos
600 1293 655 1324 eon-
690 1277 808 1332 sinistram,
820 1278 843 1324 in
855 1293 925 1338 regno
936 1285 983 1324 tuo.

194 1346 263 1391 drmit.
297 1345 361 1392 Dicit
381 1345 419 1398 eis,
443 1344 511 1389 Abite
531 1350 555 1389 et
573 1357 614 1388 vos
633 1343 656 1387 in
722 1345 753 1386 22
770 1342 1154 1402 RespondensautemJesus,ducit,

171 1459 175 1462 ,
194 1411 297 1465 uineam;
317 1416 340 1455 et
358 1408 463 1468 quidquid
482 1407 548 1453 fuerit
562 1407 656 1468 justum,
690 1405 789 1452 Nescitis
797 1406 848 1466 quid
855 1407 941 1467 petatis.
977 1407 1074 1452 Potestis
1083 1409 1156 1454 bibere

194 1474 309 1534 accipietis.
689 1471 792 1530 poculum
804 1471 864 1531 quod
875 1486 918 1531 ego
929 1471 1035 1516 bibiturus
1052 1487 1115 1526 sum3
1133 1479 1156 1520 et

225 1541 240 1581 8
258 1537 334 1590 Quum
354 1547 429 1582 autem
446 1551 519 1582 serum
535 1535 577 1580 diei
592 1541 657 1588 esset,
690 1535 741 1593 bap
743 1537 825 1587 lenate,
835 1549 930 1596 quoego
938 1536 1046 1596 baptizor
1054 1536 1154 1597 baptiza·

193 1601 245 1646 dreit
256 1601 389 1646 dommus
368 1615 446 1646 vineae
462 1599 598 1661 procuratori
610 1615 657 1654 suo,
691 1599 727 1643 ri?
747 1598 861 1643 Dicunt
843 1613 870 1652 er
884 1599 1014 1645 Possumus.

195 1665 386 1726 Voeaoperarios,
402 1677 426 1710 et
442 1664 542 1709 redde
524 1679 556 1710 ers
572 1678 657 1710 meree·
723 1667 755 1708 25
771 1662 837 1708 Tune
852 1663 939 1709 dicit
920 1679 958 1716 ers,
978 1663 1087 1710 Pacuium
1104 1665 1154 1726 qui·

193 1731 249 1782 dem,
268 1745 361 1775 exorsus
380 1729 405 1774 al
428 1728 517 1784 ultimis,
539 1743 609 1788 usque
630 1728 658 1774 ad
690 1723 741 1772 dem
753 1741 828 1772 meum
839 1727 922 1781 bibetis,
934 1735 956 1774 et
967 1728 1107 1788 baptismate
1111 1745 1156 1789 quo

194 1795 281 1856 primos.
690 1807 734 1852 ego
756 1791 863 1852 baptizor,
881 1792 1059 1852 baptizabimini:
1079 1793 1156 1839 sedere

226 1863 240 1904 9
258 1857 290 1903 Et
300 1870 369 1918 quum
380 1857 492 1904 venissent
501 1857 537 1917 qui
550 1857 657 1902 circuun·
690 1863 764 1901 autem
775 1855 803 1902 ad
814 1856 914 1901 dextram
925 1871 997 1902 meam
1008 1864 1031 1902 et
1046 1857 1156 1903 sinistram

193 1922 299 1968 decimam
308 1923 384 1968 horam
394 1923 501 1968 conducto
503 1920 610 1983 ficerunt
620 1937 657 1967 ac·
690 1935 769 1974 meum,
781 1935 827 1965 non
840 1927 875 1965 est
891 1935 965 1966 meum
982 1921 1040 1974 dare,
1057 1920 1096 1966 sed
1112 1923 1155 1966 da-

193 1993 298 2046 ceperunt
309 1987 391 2048 singuli
402 1987 524 2031 denarium.
690 1985 752 2030 bitur
760 1985 945 2044 quibusparatum
953 1992 987 2030 est
998 2000 1011 2030 ι
1021 1985 1088 2030 Patre
1096 2000 1155 2032 meo.

228 2055 257 2096 10
275 2050 352 2103 Quum
366 2049 480 2096 venissent
496 2057 570 2095 autem
586 2049 657 2110 primi,
723 2052 755 2092 24
766 2048 799 2093 Et
806 2063 873 2108 quum
880 2049 936 2094 daec
945 2049 1058 2094 audissent
1066 2051 1110 2094 alii
1116 2049 1155 2095 de·

194 2111 347 2160 existimirunt
357 2129 381 2159 se
391 2111 441 2174 plds
452 2129 500 2159 esse
511 2121 655 2173 accepturos;
687 2127 743 2166 cem,
755 2112 863 2174 indignati
875 2119 927 2158 sunt
937 2113 965 2159 de
980 2114 1064 2159 duobus
1078 2113 1151 2160 fratri·

159 2189 161 2198 ·
194 2179 232 2223 sed
250 2185 382 2240 acceperunt
403 2178 443 2238 ipsi
465 2193 552 2238 quoque
575 2176 655 2238 singuli
688 2177 735 2222 bus

194 2242 313 2288 denarium.
721 2244 752 2288 25
768 2239 836 2289 Jesus
847 2248 927 2296 autem,
944 2255 1013 2316 quum
1029 2257 1068 2286 eos
1085 2242 1153 2303 advo-

227 2310 253 2352 ll
274 2307 318 2352 Sed
329 2321 397 2366 quum
406 2305 547 2366 accepissent,
555 2321 655 2352 munnu·
689 2302 766 2360 cisset,
779 2307 815 2360 sit,
829 2306 895 2352 Scitis
903 2321 1013 2368 pnnerpes
1020 2307 1140 2368 gentium
1131 2306 1153 2357 ιιι

194 2371 269 2416 ιι1ιιιιι
280 2367 385 2416 adversus
396 2367 592 2433 patremfamiliis;
690 2385 727 2416 eas
738 2370 853 2424 dominari,
864 2377 888 2416 et
898 2377 1013 2432 magnates
1021 2376 1153 2430 potestatem

227 2439 256 2480 12
273 2435 388 2488 Dicentes,
402 2433 442 2480 lsti
455 2435 525 2481 ultimi
537 2449 604 2480 unam
615 2436 656 2480 ho·
690 2447 793 2480 exercere
804 2435 827 2480 iu
838 2449 882 2480 eas.

193 2513 239 2543 ram
259 2514 314 2558 opus
332 2498 439 2553 fecerunt,
459 2506 482 2544 et
501 2515 540 2544 eos
556 2499 658 2558 aequales
723 2502 753 2544 26
771 2495 857 2544 Verrlm
869 2513 914 2544 non
926 2498 957 2545 ιιι
966 2499 1009 2544 ent
1023 2499 1081 2544 inter
1098 2515 1152 2546 vos:

193 2562 255 2608 nobis
273 2563 350 2614 fecisti,
368 2563 403 2622 qui
421 2563 558 2623 portavimus
571 2563 658 2622 pondus
691 2562 729 2607 sed
756 2562 881 2622 quicunque
907 2563 1012 2610 voluerit
1028 2563 1087 2610 inter
1113 2579 1154 2609 vos

193 2626 234 2670 diei
246 2633 268 2670 et
279 2634 370 2672 aestum.
690 2641 785 2688 magnus
797 2625 850 2679 lieri,
861 2634 910 2672 esto
922 2635 996 2673 vester
1007 2628 1119 2673 minister.

227 2693 257 2734 13
274 2687 326 2750 Ipse
337 2705 391 2734 vero
382 2687 537 2750 respondens
554 2689 608 2735 dixit
619 2689 656 2735 uni
723 2693 753 2736 27
771 2690 803 2735 Ει
813 2691 938 2751 quicunque
947 2691 1055 2736 voluent
1050 2698 1107 2738 mter
1114 2707 1154 2738 vor
1174 2743 1178 2753 Ι

192 2767 276 2807 eorum,
297 2753 383 2807 Amice,
401 2768 446 2798 non
466 2752 522 2798 facio
542 2753 604 2798 tibi
593 2755 656 2816 mju-
690 2754 773 2814 primus
784 2770 838 2808 esse,
851 2755 880 2800 srt
890 2762 964 2801 vester
975 2771 1059 2801 servus.

193 2818 263 2873 riam3
281 2831 357 2862 nonne
373 2817 461 2862 denario
478 2821 555 2878 pactus
572 2833 596 2863 es
609 2833 656 2863 me·
723 2822 753 2862 28
771 2817 1079 2866 SicutFiliushominisnon
1094 2819 1155 2865 venit

193 2881 263 2928 cum?
689 2889 714 2928 ut
725 2883 763 2928 sibi
782 2884 925 2937 ministretur,
943 2885 981 2930 sed
997 2891 1022 2929 ut
1037 2885 1154 2938 ministret,

227 2949 256 2990 14
272 2944 339 2991 Tolle
358 2945 417 3006 quod
434 2953 497 2990 tuum
515 2955 555 2998 est,
575 2955 598 2992 et
615 2946 656 2992 abi.
689 2947 769 3006 detque
780 2948 875 2993 animam
888 2962 949 2994 suam
962 2950 985 2994 in
998 2949 1155 3009 redemptionis

196 3009 254 3056 Volo
270 3019 344 3057 autem
361 3011 411 3056 huic
428 3010 506 3056 ultimo
525 3011 577 3056 dare
594 3017 657 3058 utet
689 3012 784 3072 pretium
795 3027 836 3072 pro
847 3013 930 3058 multis.

194 3074 237 3120 tibi.
299 3092 302 3096 ·
391 3088 394 3094 ¹
721 3075 961 3138 295Egrerlientibus
970 3083 1043 3122 autem
1052 3075 1105 3137 ipsis
1113 3091 1153 3122 ur·
1231 3071 1235 3079 “

227 3140 256 3185 15
273 3138 357 3186 Annon
369 3139 421 3185 lieet
431 3139 484 3187 mihi
493 3139 553 3200 quod
561 3139 613 3185 volo
621 3139 655 3187 fa·
688 3140 713 3186 be
734 3139 831 3194 Jerieho,
855 3149 948 3201 sequuta
968 3148 1002 3186 est
1021 3155 1072 3186 eum
1092 3141 1160 3194 turbe

194 3217 243 3248 cere
254 3203 277 3249 ιιι
293 3204 349 3250 meis
364 3204 453 3250 rebus?
470 3219 499 3250 an
516 3205 593 3250 oculus
604 3211 656 3250 tuus
688 3205 764 3250 multa

194 3267 263 3313 malus
274 3275 314 3321 est,
326 3268 377 3328 quia
388 3285 431 3329 ego
441 3269 513 3314 bonus
524 3267 593 3314 sum?
721 3273 754 3314 50
773 3268 812 3321 Et,
832 3283 890 3320 eece,
910 3267 954 3312 duo
974 3266 1033 3312 caeci
1052 3267 1153 3314 sedenter

227 3335 256 3376 16
274 3331 311 3377 sic
322 3333 393 3377 ultimi
404 3339 469 3378 erunt
479 3331 550 3392 primi.
560 3339 583 3377 et
593 3332 656 3392 primi
690 3333 747 3391 apud
761 3332 826 3384 viam,
838 3346 906 3390 quum
923 3330 1058 3376 audivissent
1074 3329 1154 3378 Jesum

196 3393 279 3441 ultimi:
299 3396 362 3441 multi
374 3397 432 3442 enim
447 3404 498 3441 sunt
510 3396 590 3450 vocati,
602 3410 656 3456 pau·
690 3396 814 3456 praeterire,
826 3391 955 3447 clamarunt,
965 3393 1069 3448 dicentes
1081 3393 1154 3441 illisc-

195 3460 212 3504 ιι
225 3473 277 3504 reru
270 3455 360 3504 leleeti.
692 3475 740 3504 rere
751 3459 827 3510 nostri,
841 3457 947 3513 Domine,
963 3457 1004 3504 Fili
1018 3457 1140 3506 Davidis!

228 3525 255 3568 17
274 3525 289 3582 ἵ
299 3521 331 3568 Et
350 3525 471 3570 ascendens
487 3523 555 3571 Jesus
573 3521 658 3569 Hiero·
723 3527 752 3568 51
772 3523 849 3568 Turba
867 3530 941 3568 autem
961 3525 1090 3598 objurgrbat
1109 3539 1154 3570 eos

157 3642 158 3645 Ἴ
194 3585 308 3647 mlymam,
327 3589 446 3648 assumpsit
462 3588 577 3634 duodecim
592 3587 658 3633 disci·
692 3587 827 3643 utsllerent;
843 3585 1154 3650 illlverdmagisclamsbaut,

192 3650 257 3724 pplos
276 3665 328 3695 suos
347 3652 471 3711 priuatim'
465 3667 488 3698 m
505 3649 547 3706 vid,
564 3659 588 3698 et
603 3651 660 3699 dixit
691 3653 795 3704 dieentes,
815 3623 926 3700 illiserere
947 3653 1023 3707 nostri,
1048 3651 1152 3705 Domine

195 3716 233 3766 eis,
693 3716 734 3763 Fili
749 3715 857 3765 Doridis!

229 3781 256 3822 18
275 3777 341 3828 Eme,
361 3778 499 3885 areerpljmus
523 3778 656 3840 Hierosoly
723 3785 755 3834 52
773 3780 805 3827 Et
815 3797 883 3842 quum
891 3782 1024 3830 sulsutrsset
1031 3779 1106 3832 Jesus.
1115 3794 1143 3826 vo
