2720 4312
368 380 517 432 JOANNIS
533 381 771 437 neocastrum
794 385 826 437 X,
840 383 885 431 Xl.

145 503 190 550 pare
202 490 326 540 hominum.
339 502 421 546 nempe
431 488 458 532 ab
469 489 528 547 igne,
540 495 562 534 et
572 487 613 546 fu2
676 492 690 533 8
708 488 740 534 Et
750 504 796 548 yox
806 505 872 549 quem
890 490 1000 538 audieram
1012 508 1025 538 e
1035 494 1101 546 caelu

144 568 185 606 mo
205 563 229 600 et
247 553 360 613 sulphure,
378 565 436 611 quae
453 552 567 612 prodibant
581 567 611 598 ex
643 567 730 597 rursum
742 552 833 613 loquuta
845 563 879 600 est
896 569 991 609 mecum,
1006 567 1028 602 et
1043 557 1104 604 dixit.

144 618 296 678 oreipsorum.
643 616 695 670 Abi,
716 623 740 661 et
761 618 835 678 accipe
853 618 950 664 libellum
966 620 1027 666 illurn
1043 636 1104 681 aper·

177 684 206 727 19
225 679 329 726 Potestas
348 680 409 725 enim
431 693 508 724 eorum
530 680 553 724 in
571 694 610 724 ore
643 685 697 732 tum,
706 682 749 740 qui
755 689 788 727 eat
796 683 892 728 inmanu
901 683 973 744 angeli
982 686 1060 730 stantis
1069 700 1106 730 su·

146 758 221 790 mrum
231 753 273 797 est,
285 753 307 790 et
318 743 341 788 in
353 743 429 788 caudis
439 757 533 788 eorum:
558 757 610 788 nam
642 759 682 804 per
693 759 753 790 mare
763 753 787 790 et
797 760 862 806 super
872 755 961 793 terram.

145 823 221 853 eorum
235 808 319 853 caudae
334 807 418 852 similes
432 818 486 852 eunt
502 807 609 867 serpenti·
676 811 691 853 9
708 807 760 852 Abii
777 809 846 868 igitur
862 811 890 855 ad
907 811 1018 872 angelum,
1033 813 1107 858 dicens

145 869 191 922 larue
202 873 309 916 habentes
319 871 392 931 capita
399 885 439 930 por
450 885 506 928 quae
522 877 610 915 nocent.
643 871 670 922 ei,
683 869 901 918 Damiltilibellum.
935 873 967 920 Et
978 876 1034 920 dixit
1048 877 1107 928 milri,

177 939 210 981 20
226 931 298 980 Porro
310 934 388 994 reliqui
404 935 512 987 homines,
523 934 560 994 qui
572 949 610 978 oc·
645 933 735 994 Accipe,
751 941 774 980 et
790 935 872 982 devora
884 952 948 983 eum:
967 946 990 983 et
1003 941 1107 984 amaritu-

145 996 184 1046 dat
196 1013 242 1044 nou
253 1005 306 1044 sunt
316 998 350 1044 his
361 997 440 1058 plagis,
452 1011 497 1043 non
512 997 611 1058 resipue·
644 998 718 1044 dinem
729 997 813 1044 adseret
824 1001 896 1046 ventri
915 1009 961 1054 tuo,
978 1001 1054 1048 sedin
1070 1015 1109 1048 ore

147 1070 198 1110 mut
217 1063 244 1107 ab
262 1062 365 1122 operibus
386 1075 493 1106 manuum
515 1075 611 1114 auarum,
644 1068 683 1107 tuo
694 1061 736 1107 erit
746 1061 815 1108 dulcis
826 1069 929 1123 tanquam
941 1065 991 1110 mel.

147 1133 211 1172 utne
220 1125 337 1174 adorarent
351 1124 474 1178 daeruonia,
485 1131 507 1169 et
521 1124 612 1170 simula·
680 1128 710 1170 10
726 1125 809 1186 Accepi
821 1126 889 1188 igitur
899 1127 997 1174 libellum
1013 1144 1026 1174 e
1040 1142 1106 1176 mant

149 1205 185 1234 crs
195 1204 267 1241 aurea,
278 1196 301 1235 et
311 1195 424 1250 argentee,
435 1195 459 1232 et
469 1201 538 1242 aerea,
546 1195 568 1232 et
580 1187 612 1233 ln-
645 1187 725 1250 angeli,
739 1196 762 1235 et
775 1190 880 1236 devorari
895 1206 963 1247 eum;
980 1199 1070 1252 eratque
1085 1193 1107 1238 ln

147 1253 215 1314 pilea,
232 1259 256 1298 et
270 1252 351 1314 lignea,
367 1266 426 1311 quae
446 1266 518 1311 neque
539 1251 613 1297 videre
646 1267 684 1299 ore
705 1265 756 1298 meo
777 1253 847 1299 dulcis
868 1265 972 1316 tanquam
991 1255 1050 1300 mela
1071 1256 1108 1302 sed

147 1323 246 1377 prssuut,
264 1331 335 1377 neque
350 1315 433 1368 audire,
447 1329 518 1374 neque
534 1316 612 1360 ambu·
646 1329 712 1374 quum
725 1315 866 1362 devortissem
879 1333 937 1374 eum,
949 1319 1042 1366 amaruit
1055 1333 1107 1365 een·

148 1379 208 1426 lare:
645 1384 679 1424 ter
690 1394 758 1424 meus

179 1446 207 1490 at
227 1442 308 1504 Neque
321 1441 462 1504 resipuerunt
477 1442 504 1488 ab
517 1441 611 1487 homici-
681 1447 705 1489 11
730 1439 790 1489 Tum
812 1445 868 1492 rlixit
886 1445 947 1500 milri,
970 1445 1066 1508 Oportet
1086 1455 1109 1494 te

148 1507 188 1553 diis
199 1507 250 1562 suis,
267 1521 339 1567 neque
349 1521 364 1551 a
374 1505 486 1552 veneficiis
502 1507 554 1557 suis,
571 1519 612 1550 ne·
644 1506 725 1552 lterum
745 1509 874 1570 prophetare
888 1526 962 1557 coram
979 1511 1071 1573 populis,
1087 1519 1108 1558 et

148 1586 190 1631 que
200 1584 215 1617 u
224 1571 358 1617 scortatione
374 1567 420 1623 sui,
432 1581 504 1630 necque
519 1583 534 1616 u
548 1567 612 1615 furtis
644 1571 754 1632 gentibus.
766 1582 788 1618 ct
799 1573 888 1636 linguis,
900 1584 923 1620 et
931 1577 1018 1638 regibus
1027 1575 1107 1624 multis

149 1635 200 1681 suis.

807 1697 880 1746 CAP.
903 1699 949 1746 Xl.

313 1759 389 1809 CAP.
413 1759 445 1806 X.
715 1760 804 1808 ATUS
821 1771 855 1807 est
865 1771 939 1808 autem
951 1763 1110 1809 mihicalamus

208 1824 261 1873 UM
272 1826 317 1872 vidi
334 1825 402 1872 alium
418 1825 522 1886 angelum
534 1825 612 1870 robus·
730 1825 807 1870 similis
817 1826 898 1886 virgae,
907 1826 1033 1886 adstititque
1039 1841 1108 1886 ange-

238 1897 284 1936 tum
302 1889 474 1935 descendentem
495 1888 524 1933 de
542 1887 612 1942 coelo,
645 1887 687 1940 lus,
698 1887 781 1942 dicens,
794 1889 874 1950 Surge,
885 1898 907 1935 et
918 1889 1108 1950 metiretcmplum

149 1954 252 1999 amictum
264 1955 329 2006 nube,
339 1967 406 2012 supra
416 1953 479 2013 cujus
489 1958 556 2012 caput
566 1959 613 1998 erat
648 1951 695 1998 Dei
710 1960 732 1998 et
743 1952 817 2007 altare.
834 1962 857 2000 et
872 1969 912 2000 eos
927 1954 964 2015 qui
981 1954 1072 1999 adorant
1087 1954 1108 2000 io

149 2015 202 2073 iris3
218 2016 285 2063 facies
296 2025 371 2062 autem
382 2017 430 2076 ejus
441 2024 492 2062 erat
502 2022 528 2061 ut
538 2014 579 2068 sol,
590 2022 614 2061 et
645 2030 679 2060 eo.

142 2081 212 2141 'pedes
223 2082 271 2140 ejus
282 2087 307 2126 ut
318 2079 435 2126 columnae
445 2079 531 2140 igneae.
678 2082 694 2124 2
711 2079 756 2126 Sed
766 2080 852 2134 atrium,
864 2081 923 2142 quod
934 2089 997 2127 extra
1003 2080 1108 2142 templum

179 2148 195 2188 2
220 2143 367 2203 Habebatque
388 2143 411 2188 in
435 2157 503 2188 mauu
524 2138 564 2188 eui
585 2140 613 2186 li·
646 2149 687 2196 est,
710 2145 809 2198 exclude,
830 2152 853 2190 et
875 2161 903 2192 ne
924 2146 1021 2191 metiaris
1043 2145 1109 2201 illud3

148 2207 227 2253 bellum
249 2214 369 2269 apertumz
397 2211 420 2252 et
441 2206 515 2267 posuit
536 2205 613 2266 pedem
646 2207 789 2253 camiletum
805 2215 840 2254 est
854 2210 969 2270 gentibus:
995 2215 1018 2254 et
1034 2209 1109 2254 urbem

148 2286 210 2317 suum
220 2271 323 2318 dextrum
334 2284 483 2330 supermare3
500 2269 614 2315 sinistrum
646 2277 744 2316 sanctam
755 2270 870 2317 calcabunt
888 2272 1000 2318 mensibus
1015 2273 1108 2331 quadra-

148 2347 220 2381 tutem
232 2350 299 2396 super
310 2340 405 2379 terram:
645 2334 710 2395 ginta
720 2334 812 2380 duobus.

179 2403 196 2444 3
214 2397 369 2458 clamavitque
380 2412 436 2443 voce
452 2392 540 2456 magni,
557 2394 615 2442 sicut
677 2401 695 2442 5
712 2397 822 2444 Seddabo
833 2397 891 2443 illam
903 2397 987 2443 duobus
996 2397 1038 2442 sslis
1047 2399 1108 2444 testi·

148 2461 182 2507 leo
196 2463 277 2524 .rugit;
300 2469 323 2508 et
344 2476 413 2520 quum
434 2459 556 2514 clamisset,
578 2459 613 2505 lo·
645 2460 686 2507 bus
711 2462 773 2514 meis,
795 2462 831 2520 qui
854 2461 1013 2521 prophetabunt
1034 2462 1110 2508 diebue

149 2533 217 2584 quuta
243 2532 296 2572 sunt
323 2532 408 2585 septem
428 2524 525 2570 tonitrua
546 2538 615 2568 voces
646 2524 706 2583 mille
716 2525 817 2570 ducentia
834 2526 954 2586 sexaginta,
972 2526 1044 2571 amicti
1061 2541 1098 2572 sac

149 2603 204 2635 suas.
646 2603 685 2634 crs.

179 2657 196 2698 4
217 2652 250 2698 Et
260 2667 329 2713 quum
346 2652 438 2712 loquuta
453 2649 546 2697 fuissent
563 2665 613 2711 sep·
678 2655 695 2696 4
712 2650 745 2697 111
757 2659 809 2698 sunt
819 2653 875 2699 duae
885 2653 935 2699 illae
946 2651 1012 2707 oleae,
1029 2661 1052 2701 et
1067 2653 1110 2701 duo

150 2723 192 2762 tem
203 2717 302 2761 tonitrua
313 2731 380 2761 voces
391 2731 448 2768 suas,
460 2731 504 2775 ego
519 2714 613 2774 scriptu·
646 2715 775 2763 candelabra
795 2718 819 2764 in
837 2725 957 2782 conspectu
976 2718 1022 2765 Dei
1041 2726 1111 2766 terrae

149 2795 185 2825 rus
195 2795 269 2825 eram=
290 2779 329 2824 sed
340 2779 413 2824 audivi
424 2793 502 2824 vocem
513 2778 541 2823 de
551 2777 614 2823 coelo
647 2781 724 2842 posita.

148 2843 256 2889 dicentem
269 2843 328 2896 mihi,
342 2843 443 2903 Obsigna
453 2857 509 2900 quae
524 2841 615 2900 loquuta
681 2847 696 2889 5
714 2841 781 2896 Quid
792 2845 859 2904 siquis
869 2845 923 2890 velit
934 2861 973 2891 eos
983 2842 1063 2906 injurii
1078 2845 1106 2891 at'·

144 2915 200 2964 'sunt
211 2915 296 2968 septem
308 2907 411 2960 tonitrua,
421 2912 444 2950 et
455 2904 613 2951 necascribns.
648 2904 718 2955 licere.
737 2907 795 2966 ignis
814 2908 887 2968 prodit
902 2922 932 2953 ex
950 2923 989 2954 ore
1006 2909 1110 2968 ipsorum.

180 2969 245 3016 5Et
257 2969 357 3030 angelus,
374 2984 440 3029 quem
457 2968 501 3012 vidi
518 2973 614 3013 stantem
647 2971 685 3028 qui
707 2969 798 3014 devoret
818 2969 920 3015 inimicos
940 2985 1032 3024 eorum;
1060 2986 1110 3016 nam

148 3047 214 3093 super
224 3049 287 3080 mare
300 3041 325 3079 et
340 3048 406 3094 super
423 3039 510 3085 terram,
528 3029 615 3076 sustulit
648 3032 716 3091 siquis
737 3031 791 3077 velit
812 3047 850 3077 eoa
871 3029 951 3092 injurii
972 3033 1065 3087 afficere,
1083 3035 1111 3078 ira

148 3110 238 3143 manum
250 3111 313 3142 suam
324 3096 352 3142 ad
363 3095 463 3149 coelum;
648 3101 735 3156 oportet
745 3110 795 3140 eum
807 3094 884 3140 occidi.

131 3177 136 3186 ·
180 3165 196 3206 6
213 3159 338 3221 Etjuravit
348 3175 387 3221 per
397 3173 449 3204 eum
468 3157 504 3216 qui
522 3156 577 3201 vivit
593 3156 615 3202 in
681 3163 695 3204 6
713 3157 747 3203 Hi
758 3159 839 3205 habent
849 3165 980 3220 potestatem
997 3158 1110 3206 claudend'

150 3223 225 3270 secula
236 3222 369 3277 seculorum,
381 3223 418 3283 qui
429 3219 615 3274 creavitcoelum‚
647 3221 741 3275 coelum,
764 3237 792 3268 ne
812 3221 873 3282 pluat
895 3223 970 3268 diebus
987 3224 1108 3283 propheti-u

150 3293 170 3332 et
181 3301 276 3347 eaquae
287 3293 339 3331 sunt
358 3287 380 3332 in
397 3301 431 3338 eo,
448 3293 472 3330 et
488 3291 575 3336 terram,
592 3290 616 3329 et
648 3284 758 3345 ipsorum:
777 3293 800 3331 et
811 3292 941 3345 potestatem
953 3287 1033 3330 habent
1048 3302 1110 3347 supe:

150 3364 173 3396 se
192 3365 249 3410 quae
268 3349 291 3394 in
310 3346 337 3395 ei
356 3357 415 3402 sunt,
433 3354 456 3392 et
474 3361 542 3399 mare,
553 3353 576 3392 et
590 3361 617 3393 ee
648 3362 722 3407 aquas,
734 3349 876 3394 convertendi
888 3362 925 3394 cas
936 3349 1096 3408 insanguinem

151 3427 206 3472 quac
217 3414 240 3460 iu
251 3429 279 3458 eo
288 3421 347 3461 sunt
357 3421 443 3472 tempus
455 3425 499 3456 non
511 3410 558 3455 sore
566 3425 615 3456 am·
648 3421 671 3456 ct
697 3411 832 3470 percutiendi
857 3419 938 3458 terram
960 3413 1019 3456 omni
1042 3411 1112 3474 plag&

152 3475 219 3538 plius:
649 3474 822 3534 quotiescunque
833 3475 949 3520 voluerint

182 3543 195 3586 7
215 3540 288 3585 Sedin
298 3536 614 3596 diebusvocisseptimrnnge·
681 3539 695 3582 7
714 3533 791 3590 Porrd,
803 3550 871 3595 quum
882 3537 977 3583 finierint
989 3553 1051 3583 suum
1070 3546 1110 3586 tes·

153 3602 252 3662 &quum
262 3602 363 3648 futurum
374 3609 409 3650 cst
421 3608 445 3646 ut
455 3600 550 3660 clangat,
560 3615 615 3645 con·
649 3599 773 3651 timonium.
796 3600 864 3646 bestia
886 3601 923 3647 illa
944 3602 1065 3649 ascendens
1085 3620 1112 3651 ex

153 3666 306 3712 mormandum
318 3680 367 3712 esse
377 3662 511 3724 mysterium
523 3662 575 3713 Dei,
585 3662 616 3706 si·
651 3663 731 3721 abysso
740 3669 804 3722 geret
815 3661 921 3711 adversus
931 3680 969 3710 eos
988 3665 1076 3721 bellum
1093 3681 1113 3716 ar

154 3738 188 3774 tut
199 3728 342 3776 annunciavit
353 3729 423 3774 serris
434 3726 480 3771 suis
491 3726 610 3787 prophetis.
654 3727 725 3770 vincet
736 3739 782 3772 eos.
793 3733 817 3770 et
827 3729 911 3775 occidet
924 3744 969 3775 eoa
