2756 4320
586 379 698 437 ACTA,
721 380 791 428 XVI.

210 493 263 562 pies·
282 487 305 533 in
336 485 497 540 Macedoniam,
525 493 548 532 et
572 501 675 532 succurre
704 484 792 559 turbant
803 485 914 532 civitatem
927 493 1031 542 nostram,
1042 491 1164 548 qumusim

214 552 284 659 miii·
295 613 327 660 Ut
338 621 411 660 nrrttrn
422 613 465 660 hoe
476 614 548 659 visum
559 613 619 666 vidit,
629 621 674 658 ste-
705 548 818 658 juiiffldlt
829 613 963 658 annuncient
979 613 1034 659 ritus
1050 629 1105 675 quos
1121 630 1165 662 nos

213 678 251 724 tim
269 678 392 723 studuimus
402 677 461 724 sbire
471 678 494 722 in
513 677 675 729 Macedoniam,
705 675 829 722 licetnobis
841 678 957 736 suscipere,
973 691 1044 738 neque
1055 693 1167 740 usurpare,

213 741 298 787 collatis
314 742 450 802 argumentis
469 741 599 803 coligentes
616 737 676 800 quiid
706 753 774 799 quum
783 739 851 784 simus
864 739 968 786 llomani.

213 802 341 851 sdvocisset
352 819 393 850 nos
405 805 519 850 Dominus
530 812 555 850 ut
565 806 597 850 eis
607 819 675 850 evon-
738 806 770 848 22
789 799 841 849 Und
857 800 910 849 verri
926 803 1043 850 insurrexit
1054 805 1117 851 turba
1127 806 1168 852 sd·

140 909 144 916 ,
213 867 368 929 gelismemus.
705 863 784 912 versds
804 881 859 912 eos:
894 873 917 912 et
937 874 1050 927 praetores
1075 869 1168 930 diruptis

248 935 274 978 ll
295 931 398 978 Provecti
410 931 478 992 igitur
489 931 583 983 Troade,
593 937 676 977 rectum
706 944 783 975 eorum
803 931 898 976 vestibus
912 932 1027 992 jusserunt
1044 947 1080 977 eos
1098 933 1168 995 virgis

215 1009 302 1041 tursum
311 996 422 1041 tenuimus
432 996 602 1050 Samothracem,
610 1002 634 1041 et
640 1011 675 1040 se·
706 993 774 1040 caedi.

215 1066 295 1120 querite
306 1059 341 1105 die
352 1059 481 1120 Neapolin3
739 1060 770 1102 25
788 1056 864 1110 Quum
880 1056 996 1103 uemultas
1004 1057 1079 1119 plagas
1086 1074 1117 1104 ers
1126 1058 1168 1104 irn-

249 1127 277 1167 12
295 1123 327 1170 Et
347 1123 407 1170 illinc
429 1122 550 1184 Philippos,
567 1137 623 1182 quse
643 1131 678 1168 est
706 1121 837 1182 posuissent,
887 1123 1001 1183 njeeerunt
1019 1137 1058 1167 eos
1076 1123 1099 1168 in
1119 1138 1169 1168 car·

213 1187 285 1248 prinis
294 1187 359 1249 hujus
369 1187 437 1248 partis
454 1186 600 1233 IliaoedonIae
618 1187 677 1240 urbs,
706 1199 786 1238 cerem,
803 1185 882 1230 additis
892 1184 1000 1230 mandatis
1011 1187 1169 1232 commentari·

214 1250 307 1296 arlonis.
342 1249 677 1298 Commorstisumusautemin
707 1247 754 1293 ensi
766 1255 790 1292 ut
801 1245 849 1293 tutd
859 1263 899 1294 eos
909 1255 1045 1294 asservaret:

214 1311 239 1358 ci
252 1315 303 1359 urbe
314 1314 396 1373 aliquot
406 1314 460 1359 dies.
739 1314 771 1355 24
788 1311 840 1365 Qui,
850 1312 887 1358 tali
896 1320 985 1372 accepto
992 1313 1101 1366 mundato,
1113 1327 1169 1358 eon·

249 1380 277 1422 1³
295 1377 327 1422 Et
345 1377 381 1423 die
399 1376 481 1423 ssbbsti
499 1376 582 1437 egressi
602 1391 677 1422 sumus
702 1374 758 1436 Jeeit
768 1389 807 1422 eos
818 1375 840 1420 in
852 1376 953 1420 intimum
965 1390 1080 1430 carcerem,
1094 1385 1168 1437 etpe-
1195 1410 1203 1420 .

214 1441 344 1486 exurbcsd
362 1439 451 1494 llumen,
471 1440 507 1486 ubi
526 1439 609 1485 solebat
627 1455 676 1486 esse
707 1439 833 1484 deseorum
845 1439 961 1484 adstrinxit
969 1437 1072 1485 numelli.

214 1504 326 1564 precatio:
350 1504 386 1550 ubi
407 1518 476 1563 quum
494 1503 676 1557 consedissemus,
740 1504 771 1548 25
789 1499 866 1548 Media
881 1510 954 1548 sutem
972 1510 1037 1548 nocte
1053 1510 1169 1564 precantes

215 1567 319 1630 alloquuti
331 1582 406 1612 sumus
417 1567 520 1613 mulieres
530 1581 586 1627 quse
594 1581 677 1613 conve·
709 1563 793 1611 Patulus
811 1574 835 1611 et
854 1566 911 1612 Silas
929 1567 1024 1626 hymnos
1043 1568 1167 1613 canebants

216 1640 300 1676 nerant.
707 1635 730 1675 et
741 1629 778 1689 qui
790 1629 857 1675 vineti
869 1636 932 1675 erunt
941 1631 1085 1675 exaudiebnnt
1095 1647 1141 1676 eos.

250 1698 279 1740 14
296 1694 410 1748 Quaedam
419 1700 493 1740 sutem
500 1693 580 1740 mulier
588 1692 678 1739 nomine
722 1746 724 1750 .
740 1696 771 1738 26
785 1689 888 1754 Repente
895 1689 947 1738 verd
953 1701 1097 1739 terraemotus
1103 1709 1168 1756 mag-

218 1757 294 1818 Lydia,
316 1773 372 1818 quse
391 1773 509 1819 purpuram
528 1757 636 1803 vendebat
654 1757 677 1802 in
708 1770 750 1801 nus
757 1757 847 1809 exstitit,
859 1757 890 1802 its
900 1763 924 1802 ut
935 1764 1105 1802 concuterentur
1115 1757 1168 1804 fun·

216 1823 268 1868 urbe
279 1822 444 1882 'llryatirorum
458 1819 534 1868 Deum
545 1821 627 1874 colens,
636 1834 677 1866 nos
707 1819 810 1866 demeum
827 1820 935 1866 carceris:
965 1826 988 1865 et
1006 1820 1064 1865 illico
1082 1829 1169 1880 apertae

215 1887 314 1932 uudivit:
344 1888 407 1948 eujus
429 1885 543 1932 Dominus
564 1884 677 1944 adaperuit
708 1890 760 1929 unt
770 1897 848 1930 omnes
858 1883 924 1938 fores,
937 1890 960 1929 et
971 1877 1070 1930 omriium
1081 1885 1169 1931 vincula

214 1965 259 2003 cor,
272 1958 297 1996 ut
307 1951 428 1996 attenderet
438 1965 465 1995 ea
480 1964 536 2010 quse
552 1948 678 1994 dicebantur
707 1945 787 1993 lanta.

215 2013 318 2059 aPsulo.
740 2013 770 2056 27
788 2009 1169 2072 Experget'actnsautemcommen-

249 2079 278 2122 15
296 2077 371 2130 Quum
384 2075 451 2136 igitur
460 2074 572 2136 baptizata
582 2081 646 2129 esset,
655 2083 679 2120 et
709 2073 814 2128 lariensis,
831 2089 899 2134 quum
911 2075 994 2120 videret
1005 2075 1064 2121 sores
1074 2077 1169 2122 carceris

215 2139 293 2184 domus
311 2141 364 2200 ejus,
385 2139 472 2200 rogavit
488 2148 535 2192 nos,
553 2138 634 2191 dicens,
654 2139 678 2185 Si
708 2144 800 2198 apertas,
817 2139 897 2184 educto
915 2138 989 2199 gladio
1008 2145 1055 2185 erat
1072 2139 1169 2199 seipsum

215 2201 324 2278 judicdstis
343 2217 379 2248 me
397 2201 482 2248 fidelem
501 2217 550 2248 esse
569 2201 677 2256 Domino,
708 2201 885 2262 interempturus,
899 2203 1027 2248 existimans
1038 2203 1124 2249 vinctos
1134 2203 1169 2249 es·

215 2267 308 2328 ingressi
319 2267 409 2313 domum
420 2281 499 2322 measa,
516 2276 611 2312 manete.
645 2265 677 2312 Et
707 2264 798 2326 fugisse.

215 2332 290 2392 adegit
300 2346 349 2376 nos.
741 2333 771 2373 28
789 2326 900 2376 Clamavit
918 2336 992 2374 sutem
1012 2329 1095 2376 Paulus
1113 2345 1170 2378 voce

249 2398 278 2441 16
296 2393 388 2440 Factum
397 2404 431 2440 est
438 2401 511 2440 erstem
519 2393 676 2455 proficiscenti·
707 2389 796 2453 mugnis,
815 2393 898 2446 dicens,
919 2392 956 2439 Ne
972 2393 1023 2453 quid
1040 2393 1117 2444 feceris
1132 2395 1170 2440 tibi

201 2459 256 2504 ¹bus
267 2459 329 2504 nobis
339 2459 367 2504 sd
383 2459 537 2518 precationem,
549 2465 575 2504 ut
585 2457 676 2504 ancillu·
707 2456 748 2518 ipsi
760 2456 826 2512 mali3
843 2472 921 2502 omnes
932 2458 990 2503 enim
1002 2459 1037 2503 hle
1048 2473 1131 2504 sumus.

191 2543 194 2550 ⁴
216 2522 237 2566 la
253 2522 366 2582 quaedam,
383 2522 465 2567 babens
478 2522 577 2582 spiritum
591 2520 676 2582 Pytho·
740 2523 771 2567 29
789 2518 813 2566 Is
824 2536 878 2566 vero
889 2521 957 2581 petito
965 2519 1048 2567 lumine
1056 2522 1170 2582 irrupitet

216 2585 256 2638 nis,
268 2591 393 2630 occurreret
403 2585 473 2637 nobis,
490 2600 546 2644 quae
562 2592 682 2644 quaestum·
707 2583 849 2631 tremefactus
859 2585 937 2630 accidit
949 2584 1020 2631 Paulo
1031 2592 1054 2632 et
1065 2585 1123 2632 Silae
1139 2587 1170 2632 ad

214 2662 320 2708 magnum
332 2647 447 2708 praebebat
457 2648 551 2694 dominis
563 2649 608 2694 suis
619 2649 674 2693 vati·
703 2650 780 2707 pedes.

214 2711 323 2756 cinnndo:
739 2715 772 2757 50
788 2711 820 2758 Et
838 2712 950 2772 productis
972 2713 1024 2774 ipsis
1044 2711 1110 2766 foras,
1132 2711 1167 2766 sit

249 2778 277 2820 17
298 2772 363 2818 Haeo
382 2773 514 2832 subsequuta
535 2772 628 2820 Paulum
651 2791 677 2822 sc
710 2774 811 2829 Domini,
828 2777 880 2836 quid
898 2792 934 2822 me
951 2784 1038 2837 oportet
1055 2776 1127 2822 faeere
1146 2785 1168 2823 ut

215 2853 262 2889 nos,
280 2837 393 2890 clamabat,
412 2836 493 2890 dicens,
514 2836 555 2883 Isti
576 2838 677 2886 homines
707 2838 799 2884 server?

215 2901 272 2946 servi
281 2908 332 2946 sunt
344 2899 388 2946 Dei
402 2900 460 2946 illius
470 2901 576 2956 altissimi,
587 2902 624 2962 qui
635 2917 675 2948 nn·
738 2906 767 2947 ³1
788 2903 821 2947 At
831 2902 862 2947 illi
873 2903 982 2956 dixerunt,
999 2901 1071 2950 Crede
1080 2903 1105 2949 in
1117 2903 1169 2948 Do·

215 2965 319 3012 nunciant
330 2964 392 3011 vobis
403 2965 461 3012 viam
472 2965 554 3012 salutis.
706 2965 791 3012 minum
800 2965 879 3013 Jesum
888 2965 1009 3021 Christum,
1018 2975 1041 3012 et
1049 2968 1170 3014 servaberis

249 3033 277 3074 18
304 3027 357 3074 Hoc
379 3040 451 3075 nutem
473 3028 526 3075 fecit
546 3029 574 3075 sd
594 3029 676 3076 multos
707 3029 923 3082 tu,acdomustus.

130 3118 141 3126 -
214 3093 276 3140 dies:
296 3094 334 3138 sed
350 3089 444 3140 molesti
459 3091 532 3139 ferens
550 3091 640 3148 Paulus,
654 3101 677 3140 et
738 3097 771 3138 52
788 3093 821 3139 Et
837 3093 922 3153 loquuti
940 3100 992 3139 sunt
1008 3094 1027 3139 ei
1045 3109 1168 3139 sermonem

215 3171 262 3203 sese
283 3163 421 3210 convertens,
448 3157 533 3218 spiritui
559 3157 589 3203 illi
614 3157 676 3212 dixit,
709 3154 810 3211 Domini,
827 3163 849 3202 et
865 3158 967 3202 omnibus
983 3158 1020 3217 qui
1036 3159 1169 3203 emrtdumv

217 3219 330 3281 Praecipio
341 3220 378 3265 tibi
390 3235 428 3280 per
437 3235 518 3266 nomen
526 3219 582 3268 Jesu
592 3218 675 3268 Christi
706 3220 781 3282 ipsius.

222 3292 238 3329 st
249 3299 314 3330 exeas
330 3284 357 3329 ab
372 3281 405 3330 ei.
438 3283 502 3330 Exiit
516 3284 585 3345 igitur
598 3285 676 3330 eodem
738 3287 771 3329 33
787 3285 840 3344 Ipse
851 3279 904 3329 verb
914 3281 1115 3344 illissssumptisei
1124 3282 1170 3343 ipsi

222 3347 251 3392 llo
263 3354 384 3393 momento.
707 3345 850 3399 hortnoctis,
867 3347 919 3392 lavit
937 3362 1013 3393 eorum
1031 3348 1122 3408 plagas.
1148 3361 1168 3392 et

249 3414 277 3456 19
290 3410 397 3456 Videntes
405 3409 463 3454 illius
471 3410 596 3455 ancillulae
603 3409 675 3455 domi·
706 3409 831 3470 baptizatus
838 3417 873 3456 est
880 3411 933 3471 ipse,
941 3417 1048 3456 etomnes
1055 3413 1170 3456 donresss'n'

214 3474 235 3518 ni
248 3472 512 3534 abiissespemquaestils
528 3473 569 3525 sui,
581 3473 675 3534 prehen-
706 3473 765 3518 illius
775 3473 840 3519 illico.
1027 3507 1030 3511 -

214 3551 263 3582 sum
284 3537 378 3582 Paulum
397 3543 420 3583 et
437 3536 505 3582 Silam
522 3544 637 3582 traxerunt
653 3537 675 3582 in
738 3540 769 3582 34
788 3536 820 3582 Et
830 3537 883 3598 ipsis
894 3535 992 3583 deductis
1001 3537 1090 3582 domum
1100 3551 1169 3591 susm,

215 3597 286 3644 lomm
297 3600 325 3646 sd
336 3607 485 3660 magsstratus.
706 3601 807 3660 apposuit
817 3615 915 3646 mensam
926 3617 932 3646 r
952 3607 974 3646 et
985 3599 1103 3646 exsultavit
1111 3596 1170 3659 qudd

247 3666 278 3706 20
294 3661 327 3707 Et
337 3677 404 3722 quum
419 3659 577 3723 pertraxissent
593 3678 632 3708 eos
648 3664 676 3709 sd
706 3677 758 3708 cum
775 3661 878 3710 universi
898 3664 965 3709 domo
985 3660 1025 3709 sui
1043 3663 1170 3710 credidisset

217 3730 331 3778 srsetores,
338 3725 385 3769 dist
390 3733 447 3775 runt,
457 3725 568 3770 Homines
576 3726 611 3770 isti
620 3741 674 3771 con·
708 3726 767 3772 Deo.

425 3779 474 3827 16⁴
