2720 4312
570 421 676 471 Pium
694 423 862 494 missum

268 530 298 575 ts
310 525 454 575 Circumcisiu
464 527 515 573 nihil
525 537 564 580 est,
574 537 596 574 et
604 543 697 589 praepu-
729 534 805 574 sancte
815 543 865 573 eum
873 541 965 588 corpore
972 536 1019 572 tum
1026 527 1103 588 spiritu
1113 544 1120 584 ;
1138 545 1191 576 uuas

236 592 289 638 tium
301 591 353 637 nihil
364 598 405 646 est,
417 592 455 637 sed
466 593 589 638 observatio
606 600 697 638 mamia-
729 588 783 637 verd
802 599 870 652 nupta
886 597 926 643 est,
945 598 1007 638 curat
1024 607 1050 638 en
1066 601 1131 651 quse
1144 601 1192 639 sunt

235 663 306 702 torum
320 654 372 700 Dei.
729 656 811 708 mundi,
823 655 934 714 quomodo
945 655 1052 715 placituro
1062 657 1090 700 sit
1100 656 1157 702 niro.

266 723 298 763 20
316 717 479 778 Unusquisque,
491 718 514 763 in
526 733 569 779 quu
580 719 697 764 vocatione
761 721 792 764 55
811 718 864 764 Hoc
881 727 955 764 autem
973 718 1022 764 dico
1039 726 1113 764 vestro
1130 736 1193 766 com-

236 790 325 828 rocntus
336 782 383 836 suit,
395 783 418 827 'm
429 780 456 827 eri
466 789 562 828 maneat.
729 783 795 828 modo
801 798 809 838 ;
827 797 871 827 non
883 789 908 827 ut
923 782 1024 842 laqueum
1041 784 1105 828 vobis
1123 784 1193 844 injici·
1260 805 1265 808 ·

267 850 294 890 ‘21
315 846 398 892 Seruus
410 846 554 892 vocatuses?
570 861 598 892 ne
615 847 643 891 sit
659 847 697 891 tibi
729 861 772 899 tm,
790 847 829 891 sed
845 853 870 892 ut
886 847 989 891 decenter
1007 853 1029 891 et
1046 843 1098 906 uptd
1113 849 1194 894 adhue<

235 925 314 956 curaer
334 910 373 955 sed
384 911 402 955 si
414 915 477 971 potes
490 911 556 956 etium
572 911 626 956 liber
642 909 696 962 fieri¹
729 910 819 956 reseniis
831 909 939 963 Domino,
955 911 1036 970 absque
1048 908 1091 956 ulit
1102 911 1194 958 distrac·

234 971 307 1036 potids
318 989 343 1020 eo
354 981 423 1020 utere.
729 973 808 1019 tione:

267 1041 298 1082 22
316 1036 407 1083 Etenim
418 1036 454 1098 qui
466 1037 488 1082 iu
499 1035 600 1082 Domino
607 1044 698 1082 vocatus
761 1041 793 1082 56
811 1033 930 1084 Caeterum
939 1036 1006 1096 siquis
1014 1037 1095 1096 aliquid
1101 1052 1146 1084 non
1156 1039 1195 1086 deo

237 1107 269 1150 stt
279 1117 363 1155 servus.
380 1101 471 1147 libertus
488 1100 581 1147 Domini
598 1108 647 1148 est:
668 1101 698 1146 si·
729 1115 782 1146 cens
792 1097 806 1146 d
816 1101 870 1146 sein
880 1100 990 1162 virginem
1007 1115 1069 1146 suam
1086 1102 1194 1150 committi

236 1165 317 1212 militer
326 1173 348 1210 et
359 1166 396 1226 qui
407 1166 461 1211 liber
469 1171 561 1211 vocatus
572 1175 612 1218 est,
622 1180 698 1210 servus
729 1171 798 1224 putut,
810 1165 827 1210 si
839 1163 916 1210 llorem
925 1164 1002 1210 aetatis
1010 1165 1108 1219 excedet,
1125 1173 1149 1211 et
1164 1167 1194 1216 iu

239 1241 269 1276 itt
282 1227 372 1276 Christi.
729 1228 793 1274 debet
814 1227 878 1283 ileri;
903 1227 962 1288 quod
983 1227 1032 1273 vult
1053 1227 1124 1282 faeiat,
1148 1245 1192 1276 nun

268 1297 298 1337 25
317 1291 392 1338 Pretio
409 1293 476 1353 empti
493 1293 562 1349 estis;
582 1307 611 1338 ne
628 1289 700 1338 estoti-
729 1298 822 1352 peccat3
835 1293 960 1352 junguntur
970 1293 1118 1338 matrimonio.

236 1359 292 1402 survi
304 1357 425 1402 hominum.
761 1358 792 1402 57
811 1355 857 1408 Qui
869 1352 922 1402 verri
933 1363 976 1400 stet
987 1354 1064 1400 firmus
1081 1355 1104 1401 in
1120 1357 1203 1411 corde.

268 1423 300 1464 24
319 1419 475 1480 Unusquisque
497 1420 520 1464 in
542 1435 586 1479 quo
606 1427 699 1465 vocatus
729 1433 771 1464 nee
787 1419 882 1480 adigitur
899 1419 1034 1473 necessitate,
1052 1419 1091 1464 sed
1110 1420 1132 1464 in
1152 1436 1194 1481 po·

237 1483 285 1535 luit,
307 1483 392 1536 iratres,
415 1485 438 1530 in
460 1484 502 1528 hou
527 1490 614 1528 maneat
641 1483 699 1544 apud
730 1490 808 1529 testate
830 1485 894 1529 habet
915 1483 1024 1543 propriam
1046 1483 1185 1530 voluntatem

237 1545 320 1592 Deum.
729 1554 752 1591 et
763 1547 910 1593 hocdecrevit
925 1547 947 1591 in
964 1546 1030 1592 eorde
1046 1561 1086 1591 suo
1104 1555 1128 1593 ut
1146 1563 1193 1593 ser·
1257 1591 1260 1600 ,

268 1613 299 1656 25
310 1613 326 1669 1
338 1608 375 1654 De
383 1609 504 1670 virginibus
512 1616 584 1655 autem
594 1623 698 1670 praecep·
730 1617 768 1655 vet
778 1625 840 1656 sunm
853 1611 967 1671 uirginem,
979 1611 1035 1656 bene
1045 1610 1104 1655 facit.

236 1683 282 1720 tum
295 1673 389 1718 Domini
401 1675 536 1720 nonhabeo:
556 1674 631 1719 seddo
640 1674 698 1734 quod
761 1678 792 1718 58
811 1672 889 1734 Itaque
907 1674 943 1734 qui
961 1673 998 1718 dat
1016 1681 1115 1734 nuptum,
1135 1675 1190 1719 be*-

236 1738 313 1791 seutio,
322 1744 347 1783 ut
355 1737 389 1783 cui
402 1737 516 1784 Dominus
526 1753 566 1799 per
574 1739 697 1783 misericor·
728 1736 796 1784 sacitz
815 1739 852 1798 qui
864 1735 917 1784 verd
929 1752 972 1782 non
984 1737 1021 1783 dut
1032 1745 1124 1798 nuptum
1144 1753 1194 1779 rne-

236 1802 294 1847 diam
306 1801 389 1848 dederit
399 1801 468 1848 lidum
479 1817 534 1848 esse.
728 1799 771 1847 litls
779 1800 838 1847 facit.

269 1870 299 1914 26
317 1866 429 1912 Existimo
437 1867 505 1927 igitur
512 1867 555 1912 hoe
562 1866 699 1910 bonumesse
761 1869 793 1912 59
809 1868 825 1924 1
841 1863 906 1910 Uxor
917 1865 1005 1924 alligato
1015 1872 1049 1909 est
1057 1863 1107 1924 lege
1116 1881 1195 1924 quun.-

237 1940 326 1990 propter
337 1931 455 1976 instantem
471 1930 623 1976 necessitatem
633 1946 640 1985 3
657 1930 697 1974 bo·
729 1927 766 1974 diu
777 1928 833 1974 vivit
844 1929 877 1974 vir
888 1929 971 1988 ipsius;
988 1928 1046 1987 quod
1055 1929 1073 1972 si
1081 1929 1195 1974 055ηηί-

237 2009 298 2046 num,
310 1995 405 2052 inquam
416 2008 468 2047 esse,
479 1993 563 2039 homini
574 1993 605 2038 itu
616 2009 671 2038 esse.
729 1992 771 2038 erit
782 1993 815 2038 uir
826 1992 899 2052 ipsius,
916 1992 983 2037 libera
993 1998 1027 2037 est
1043 1992 1070 2036 ad
1086 1991 1122 2036 cui
1141 1993 1194 2038 velit

270 2060 300 2102 27
318 2057 430 2116 Alligatus
441 2071 466 2102 es
475 2056 557 2101 uxori?
574 2072 602 2102 ne
618 2071 698 2115 quaere
730 2056 875 2113 nubendum
887 2052 973 2101 tuntrlm
984 2055 1007 2099 in
1020 2054 1122 2100 Domino

237 2119 419 2165 dissolutionem:
438 2119 524 2166 solutus
534 2135 558 2165 es
567 2121 593 2165 ab
609 2119 698 2164 uxore?
762 2123 793 2164 40
811 2120 855 2165 Sed
865 2119 948 2164 beatior
963 2125 997 2164 est
1014 2118 1031 2164 si
1050 2119 1081 2164 itu
1096 2133 1193 2174 maneat,

237 2197 264 2229 ue
275 2197 355 2242 quaere
366 2197 466 2228 uxorem.
730 2180 849 2228 secundtlm
872 2197 943 2228 meam
966 2182 1110 2228 sententium:
1138 2194 1194 2243 puto

270 2250 300 2291 28
318 2243 386 2300 Qudd
396 2247 414 2292 si
423 2247 488 2292 etiam
500 2247 588 2292 duxeris
599 2261 698 2300 uxorem,
730 2254 802 2292 autem
815 2262 850 2292 me
861 2261 948 2306 quoque
960 2245 1065 2306 Spiritum
1074 2245 1119 2291 Dei
1127 2247 1195 2302 habe·

238 2308 395 2370 nonpecclsti:
409 2317 431 2356 et
443 2311 460 2356 si
469 2312 568 2372 nupserit
575 2312 645 2370 virgo,
655 2326 699 2355 non
731 2325 761 2358 re.

237 2381 348 2434 peccarim
365 2375 404 2420 sed
410 2375 550 2421 afflictionem
558 2375 652 2420 incarne
661 2375 700 2420 ha-

238 2439 301 2483 bituri
310 2445 361 2483 sunt
372 2440 415 2498 qui
427 2447 481 2484 sunt
498 2439 628 2500 hujtrsmodi.
648 2437 700 2500 Ego
879 2435 953 2482 CAP.
972 2434 1045 2482 VllI.

177 2551 184 2561 ἱ
239 2498 447 2562 verdvobispnrco.
784 2499 957 2546 AETERUM
973 2501 1001 2546 de
1017 2501 1043 2546 iis
1058 2515 1115 2560 quse
1132 2500 1196 2550 lddlir

270 2569 301 2610 ‘29
314 2564 366 2610 Hoc
374 2573 447 2610 antem
456 2565 497 2619 aio,
505 2564 589 2619 fratres,
597 2565 700 2625 quoniam
816 2563 963 2618 immolantur,
975 2565 1056 2610 scimus
1068 2579 1109 2610 nos
1117 2581 1196 2611 omnes

239 2636 325 2686 tempus
336 2635 474 2673 contractum
486 2629 553 2674 estin
569 2635 699 2688 posterum
730 2625 808 2673 notitirl
818 2643 867 2673 esse
877 2628 993 2688 praeditos.
1027 2627 1195 2683 Notitininflst,

239 2701 263 2734 ut
274 2697 296 2734 et
307 2690 343 2748 qui
360 2691 439 2736 liabent
456 2705 536 2736 uxores
553 2691 597 2736 sint
614 2701 637 2736 ut
655 2707 699 2736 nun
730 2692 823 2737 charitas
835 2689 887 2736 verri
898 2691 1003 2737 aedificat.

238 2753 358 2808 habentes;
764 2759 779 2798 2
796 2753 863 2809 Qudd
875 2755 893 2800 si
904 2757 953 2814 quis
963 2757 1008 2801 ribi
1016 2755 1104 2800 videtur
1115 2755 1196 2816 aliquru

270 2819 302 2860 50
319 2814 396 2875 Eiqui
407 2815 467 2870 flent,
480 2817 661 2874 utnonilrntes5
678 2825 701 2864 et
731 2818 793 2872 scire,
811 2819 908 2880 noqdum
920 2821 1036 2879 quicquam
1053 2819 1122 2872 novit,
1139 2821 1196 2866 sicui

201 2886 204 2890 '
238 2879 274 2939 qui
291 2879 394 2940 gaurleni,
415 2887 439 2925 ut
456 2895 501 2926 nou
517 2881 656 2941 gaudentes;
678 2890 701 2928 et
731 2890 818 2943 oportet
830 2881 901 2928 ndsse.

238 2944 274 3004 qui
286 2951 368 2997 emunt,
381 2951 458 2989 utnon
469 2945 605 3001 obtinentes;
763 2950 780 2992 5
791 2945 836 2992 Sed
843 2946 860 2991 si
868 2947 917 3005 quis
924 2946 994 3006 diligit
1002 2945 1084 2999 Deum,
1096 2946 1194 3008 hiseng-

270 3011 298 3052 51
320 3007 352 3053 Et
362 3009 399 3068 qui
411 3016 502 3054 utuntur
516 3009 559 3054 hoc
570 3009 658 3062 muudn,
676 3016 700 3054 ut
732 3008 791 3054 nitus
801 3009 843 3054 fuit
851 3011 877 3054 nb
888 3025 922 3054 eo.

238 3086 283 3119 non
294 3073 422 3118 abutentes:
441 3073 608 3134 pruetedtenim
618 3074 701 3134 species
764 3077 780 3117 4
796 3072 835 3118 De
845 3088 885 3118 esu
896 3073 964 3134 igitur
975 3088 1051 3118 eorum
1063 3087 1120 3132 quse
1130 3072 1195 3120 iddlis

238 3135 302 3198 hujus
313 3136 397 3182 mundi.
610 3187 616 3198 ‚
732 3135 880 3190 immolantur,
892 3137 976 3182 scimus
984 3135 1066 3182 iddlum
1078 3136 1132 3182 nihil
1148 3153 1195 3184 esse

269 3203 301 3246 52
318 3199 392 3246 Velim
404 3207 477 3246 sutem
494 3215 534 3245 vos
550 3200 631 3260 absque
648 3199 700 3245 soli·
732 3200 755 3246 in
766 3200 856 3253 mundo,
863 3207 886 3244 et
894 3200 978 3246 nullum
987 3215 1033 3246 esse
1042 3200 1119 3246 Deum
1128 3201 1195 3247 ulium

147 3272 151 3279 ‘
237 3263 335 3309 situdine
345 3279 400 3310 esse.
434 3263 480 3316 Qui
491 3264 577 3309 coelebs
587 3271 627 3314 est,
640 3271 701 3308 curat
732 3263 861 3308 uisiunum.

238 3341 262 3374 es
274 3343 329 3387 quoe
339 3336 393 3373 runt
408 3326 509 3382 Domini,
526 3327 637 3386 quomodo
653 3327 700 3388 pla·
764 3331 779 3373 5
797 3326 857 3372 Nam
876 3327 960 3372 etiamsi
981 3327 1025 3372 sint
1039 3328 1075 3387 qui
1094 3327 1194 3375 dicuntur

239 3390 320 3436 siturus
331 3392 360 3437 sit
371 3390 486 3438 Domino:
732 3390 767 3444 dii,
779 3391 833 3436 etin
844 3391 906 3435 coelo
918 3392 974 3436 etin
986 3387 1044 3436 terni
1056 3392 1122 3453 (sicut
1143 3399 1194 3438 sunt

270 3458 302 3499 55
319 3455 352 3500 At
362 3455 399 3515 qui
412 3455 475 3500 duxlt
485 3469 584 3507 uxorem,
596 3460 658 3499 curat
674 3469 701 3500 ea
732 3454 761 3499 dii
773 3455 842 3506 multi,
854 3461 877 3498 et
887 3453 970 3499 domini
982 3451 1065 3513 multi),

239 3526 355 3575 quaesunt
367 3519 450 3572 mundi,
462 3517 573 3579 quomodo
581 3517 700 3578 placiturus
764 3523 779 3563 6
797 3517 869 3562 Nobis
877 3524 950 3562 tumen
960 3532 1017 3562 unus
1025 3526 1057 3564 est
1066 3517 1138 3571 Deru,
1150 3517 1191 3566 Pe

239 3581 266 3624 sir
278 3583 348 3626 uxori.
731 3587 765 3626 ter
775 3581 889 3640 illeaquo
900 3581 980 3634 omnia,
998 3589 1021 3627 et
1032 3596 1073 3626 nos
1089 3581 1112 3627 in
1132 3583 1194 3642 ipso,

269 3646 301 3688 54
319 3643 499 3698 Disuretnesunt,
507 3659 533 3690 es
541 3653 635 3704 quaeest
645 3659 701 3690 uxor
730 3654 753 3690 et
764 3659 820 3690 unus
832 3643 946 3690 Dominus
957 3644 1023 3692 Jesus
1032 3643 1140 3698 Christus,
1157 3660 1193 3706 pu

240 3716 259 3749 et
266 3719 354 3764 eaquae
362 3717 394 3752 ese
401 3709 472 3768 virgo.
491 3709 555 3761 Quae
561 3717 594 3754 est
601 3707 699 3768 innupta,
730 3723 795 3767 quem
807 3709 887 3760 omnia,
899 3715 921 3753 et
933 3723 973 3753 nos
985 3723 1024 3769 per
1034 3709 1113 3768 ipsum.

240 3773 298 3812 rurat
317 3783 344 3812 es
362 3785 418 3827 quae
431 3783 488 3874 ls‘qqt
509 3769 610 3825 Domini,
629 3780 654 3816 ut
671 3772 700 3816 sit
764 3771 1196 3820 7Sednoninomnibusestesuotitin:

460 3837 467 3856 <
752 3839 756 3852 r
