2734 4314
511 413 515 418 '
589 401 740 458 MARCUS.
763 403 795 451 X.

241 489 316 566 55514
324 503 675 578 quumcircamrpexissetJesus,
708 518 791 567 centes,
814 512 932 575 Magister,
955 521 1049 562 velimus
1072 525 1096 562 at
1111 517 1172 576 «puto-

214 583 260 632 ficit
272 581 450 643 discipulissuis,
468 577 543 634 Quint
559 578 677 626 difficulter
708 578 761 639 qnid
771 578 899 640 petierimus
908 580 1087 658 praeatesnobis.

212 650 245 708 qui
258 661 311 707 opes
322 647 408 700 babent,
425 645 448 692 in
465 657 559 706 regnum
576 642 622 690 Dei
638 641 674 688 in·
741 645 773 688 56
796 640 848 703 lpse
864 657 917 688 vero
933 642 990 689 dixit
1005 643 1043 698 eis,
1062 643 1123 697 Quiri
1140 659 1173 689 mc

124 747 126 754 .
212 708 322 756 trorbnutl
710 704 777 750 vultis
788 705 850 751 vobis
864 705 992 766 praestare?

243 778 273 819 ‘24
291 771 401 834 Discipuli
420 768 473 818 rard
490 776 628 830 expaverunt
647 768 675 815 ad
742 773 773 815 57
791 767 827 814 llli
839 775 912 814 autern
924 770 1027 816 dixerunt
1037 770 1064 824 ei,
1078 769 1118 817 Da
1133 785 1174 816 no·

212 839 252 885 boa
273 851 387 884 sennones
408 836 482 897 ipsius.
515 834 583 882 Jesus
601 840 675 880 autern
709 832 741 878 bis
753 840 777 879 ut
789 849 846 879 unus
857 833 884 879 ad
899 834 999 880 dextram
1016 841 1076 880 tuam
1087 844 1109 880 et
1120 835 1174 880 alter

212 917 299 948 rursum
322 900 463 961 respondens,
486 899 541 944 dixit
562 897 600 952 eis,
619 896 676 950 Filii,
710 896 931 943 adsiuistramtuam
946 899 1061 944 sedeamus
1072 898 1094 944 in
1105 895 1177 960 glorit

212 962 278 1027 quim
300 965 389 1010 difficile
404 972 439 1010 est
454 979 493 1009 eos
510 963 546 1022 qui
563 961 677 1008 confidunt
711 958 756 1006 tut„
958 1000 962 1005 .

212 1031 289 1092 opibus
300 1029 323 1074 in
335 1043 430 1089 regnum
442 1027 487 1072 Dei
499 1025 604 1073 introire!
741 1027 773 1070 58
789 1023 857 1072 Jesus
868 1032 941 1070 autern
957 1025 1013 1070 dixit
1028 1026 1067 1079 eis,
1079 1025 1178 1072 Nescitis

201 1125 207 1130 -
244 1097 276 1140 25
294 1092 390 1139 Facilius
400 1099 435 1138 eat
445 1091 553 1136 camelum
565 1105 603 1150 per
618 1088 677 1135 fora·
714 1089 767 1148 quid
783 1089 869 1149 petatis.
904 1088 1001 1134 Potestis
1018 1090 1092 1135 bibere
1108 1105 1178 1150 pocu-

215 1172 265 1204 men
280 1157 334 1204 aeds
350 1156 449 1207 transire,
466 1151 532 1216 quim
549 1155 639 1200 divitem
656 1153 679 1198 in
712 1152 759 1198 lum
781 1153 840 1212 quod
858 1168 901 1214 ego
919 1153 985 1209 bibo;
1007 1160 1031 1198 et
1047 1153 1178 1214 baptismate

214 1235 308 1282 :egnum
320 1219 366 1266 Dei
378 1219 477 1266 introire.
713 1232 757 1277 quo
768 1232 811 1277 ego
822 1218 930 1278 baptizor,
941 1215 1069 1278 baptizari?

246 1289 278 1331 26
295 1283 331 1330 llll
339 1281 392 1330 verti
399 1279 493 1343 amplirls
500 1281 681 1342 percellebantur,
746 1284 778 1327 59
796 1278 841 1341 Ipsi
858 1277 912 1326 verti
928 1281 1031 1326 dixerunt
1046 1281 1073 1336 ei,
1093 1279 1178 1326 Possu-

213 1348 311 1394 dicentes
324 1347 382 1393 inter
395 1362 425 1402 se,
439 1345 472 1392 Β.
487 1361 536 1406 quis
547 1352 620 1407 potest
635 1360 682 1390 ser·
715 1359 773 1390 mus.
805 1344 872 1392 Jesus
888 1353 962 1390 autem
978 1345 1033 1390 dixit
1049 1345 1087 1399 eis,
1103 1344 1179 1390 Pocu-

214 1410 280 1458 rari?
715 1408 760 1453 lnrn
776 1405 865 1468 quidelm
881 1409 940 1470 quod
952 1424 996 1470 ego
1011 1409 1066 1463 bibo,
1083 1409 1179 1466 bibetis;
1198 1463 1202 1472 ι

247 1477 277 1522 27
296 1473 393 1522 Intuitus
404 1480 477 1520 autern
490 1489 529 1518 eos
540 1471 606 1520 Jesus
623 1472 682 1526 dicit,
714 1483 738 1518 et
748 1473 878 1532 baptismate
889 1489 932 1534 quo
946 1488 990 1534 ego
1005 1473 1113 1534 baptizor,
1124 1474 1179 1534 bap-

216 1539 284 1600 Apud
299 1539 401 1584 homines
417 1539 459 1583 boc
476 1536 522 1582 fieri
539 1552 585 1582 nou
601 1544 681 1597 potest,
715 1536 852 1584 tizabimini:

215 1603 253 1649 sed
274 1617 319 1648 non
341 1602 399 1662 apud
421 1600 512 1647 Deume
534 1616 585 1646 narn
607 1601 682 1646 omnia
747 1605 779 1646 40
797 1601 841 1648 Sed
856 1602 932 1647 sedere
948 1601 976 1646 ad
991 1601 1091 1647 dextram
1107 1616 1180 1647 meam

215 1667 260 1713 ficri
272 1673 364 1728 possunt
375 1665 433 1726 apud
444 1665 528 1711 Deum.
714 1670 737 1710 et
748 1665 775 1710 ad
787 1666 898 1712 sinistram
910 1681 988 1719 meam,
1001 1681 1046 1712 non
1059 1671 1094 1712 est
1104 1680 1179 1711 meum

248 1735 278 1776 28
290 1729 355 1776 Tunc
362 1729 605 1790 Petruscoepitdicere,
612 1727 680 1784 Ecce,
714 1728 781 1787 dare;
807 1729 847 1776 sed
868 1730 962 1776 dabitur
978 1729 1057 1790 quibus
1078 1737 1180 1792 paratum

216 1810 257 1840 nos
268 1793 395 1855 reliquimus
406 1793 486 1849 omnia,
500 1800 523 1840 et
539 1793 625 1854 sequuti
642 1809 680 1839 su·
718 1803 759 1838 est.

216 1874 265 1905 inus
276 1866 306 1905 te.
747 1860 775 1902 41
796 1855 829 1903 Et
847 1873 915 1918 quum
934 1859 990 1904 daec
1009 1857 1121 1904 audissent
1136 1857 1181 1904 alta·

248 1928 279 1970 29
302 1922 449 1982 Respondeas
471 1928 544 1968 autern
561 1918 680 1976 Jesus'u't,
714 1919 797 1975 decern,
809 1929 930 1983 coeperunt
940 1922 1049 1984 indignari
1061 1921 1183 1970 deJacobo
1209 1915 1215 1923 ’

218 1986 292 2032 Amen
304 1988 353 2032 dico
364 1987 433 2040 vobis,
451 1986 524 2032 nullus
540 1993 574 2032 est
590 1985 627 2046 qui
645 2001 680 2031 re·
716 1992 738 2030 ct
749 1983 844 2032 Joanne.

216 2051 304 2110 liquerit
319 2050 416 2103 domum,
434 2057 472 2095 aut
487 2049 572 2103 fratres,
589 2055 628 2094 ant
644 2064 681 2094 so·
747 2053 779 2093 42
795 2047 863 2096 Jesus
882 2056 956 2094 autern
973 2066 1041 2110 quum
1056 2065 1094 2096 eos
1109 2048 1179 2095 silvo·

216 2129 284 2167 rores,
306 2119 344 2159 aut
365 2121 456 2173 patrem,
473 2120 512 2159 aut
528 2119 627 2166 matrem,
644 2123 683 2158 aut
715 2109 797 2166 cisset,
805 2113 860 2158 dixit
871 2113 908 2167 eis,
922 2114 1033 2160 Scitiseos
1042 2114 1078 2174 qui
1086 2129 1180 2160 censen·

217 2192 316 2230 uxorem,
332 2184 371 2222 aut
386 2177 472 2231 liberos,
488 2182 527 2222 aut
543 2191 616 2238 agros,
633 2173 684 2222 merl
715 2185 752 2222 tur
773 2177 881 2238 imperare
902 2179 1005 2238 gentibus
1027 2178 1134 2224 dominari
1156 2176 1180 2225 in

217 2239 294 2288 caussis
304 2247 327 2286 et
337 2241 454 2302 evangelii,
715 2256 769 2297 eas;
786 2250 809 2286 et
825 2257 901 2288 earum
915 2250 1032 2303 'magnates
1048 2249 1181 2303 potestatem

248 2311 281 2352 50
299 2305 361 2358 Quin
372 2305 464 2367 accipiat
478 2305 609 2366 centuplicia
625 2320 684 2351 nunc
717 2306 796 2352 babere
807 2305 829 2351 in
841 2321 885 2352 eas

216 2371 259 2416 isto
271 2377 376 2431 tempore,
388 2370 473 2424 domos,
485 2377 508 2416 et
517 2369 603 2424 fratres,
615 2377 637 2415 et
646 2385 683 2415 so·
749 2373 780 2414 45
798 2367 884 2416 Venlm
896 2385 941 2415 non
953 2369 983 2416 ita
998 2371 1039 2416 erit
1054 2370 1178 2415 intervos:

217 2449 285 2489 rores,
297 2441 320 2480 et
330 2442 418 2488 matres,
429 2441 453 2480 et
468 2434 554 2488 liberos,
571 2441 594 2479 et
610 2449 683 2494 agros,
717 2433 755 2478 sed
770 2433 895 2494 quicunque
914 2434 1009 2481 voluerit
1022 2433 1069 2480 fieri
1086 2447 1182 2495 magnus

217 2514 267 2544 curn
289 2498 490 2559 persecutionssrus;
509 2503 533 2543 et
559 2497 582 2542 in
609 2497 685 2543 seculo
716 2497 775 2542 inter
785 2513 832 2551 vos,
845 2499 873 2544 sit
884 2497 984 2544 minister
994 2504 1082 2544 vester:

218 2569 311 2608 venturo
323 2563 391 2606 vitam
402 2569 521 2608 aeternam.
750 2565 782 2606 44
799 2561 831 2607 Et
841 2561 966 2622 quicunqne
977 2563 1072 2608 voluerit
1082 2575 1111 2608 ex
1119 2561 1183 2607 vobin

250 2629 279 2671 51
299 2625 369 2670 Multi
377 2631 522 2685 autempnmr
531 2637 597 2671 erunt
605 2624 683 2680 ultimi,
717 2623 763 2671 lieri
774 2625 864 2688 primus,
877 2627 906 2672 sit
916 2628 1016 2672 omnium
1027 2641 1112 2672 servus.

218 2697 241 2735 et
252 2688 322 2734 ultimi
333 2688 405 2748 primi.
749 2693 780 2736 45
797 2689 859 2736 Nam
870 2697 893 2736 et
905 2689 975 2736 Filius
985 2691 1081 2736 hominis
1089 2704 1135 2735 non
1142 2705 1182 2734 ve-

250 2756 282 2797 52
299 2751 397 2813 qErant
418 2757 492 2797 autern
514 2751 536 2797 in
554 2748 589 2796 virt
605 2767 684 2798 ascen·
717 2753 750 2798 nit
761 2761 785 2799 ut
797 2754 836 2799 sibi
848 2754 1007 2800 ministraretur
1019 2755 1058 2800 sed
1068 2761 1093 2800 ut
1103 2753 1182 2799 minis·

219 2815 295 2862 dentes
312 2814 471 2874 Hierosolyma
476 2832 484 2872 ;
501 2823 524 2862 et
539 2817 637 2878 praeibat
652 2817 685 2864 eis
716 2823 791 2872 traret,
802 2827 825 2864 et
836 2817 898 2864 daret
908 2819 1003 2864 animam
1011 2833 1073 2864 suam
1080 2818 1183 2878 redemp-

218 2877 298 2927 Jesus:
317 2885 340 2925 et
351 2881 531 2939 expavescebant,
543 2887 566 2926 et
580 2895 632 2926 enm
649 2897 684 2926 se-
717 2882 783 2928 tionis
794 2882 889 2943 pretium
900 2897 940 2943 pro
952 2882 1033 2928 multis

219 2944 307 3004 quendo
323 2943 467 2989 terrebantur.
502 2942 554 3005 Ipse
571 2941 631 2998 verb,
648 2961 684 2991 as·
750 2949 782 2992 46
799 2945 891 3008 unnc
902 2946 995 2992 veniunt
1004 2945 1129 2991 Hiericho:
1143 2959 1182 2990 eo·

219 3008 312 3070 sumptis
323 3023 411 3053 rursum
422 3007 545 3062 duodecim,
556 3007 599 3054 illis
613 3010 687 3069 coepit
717 3025 760 3070 que
771 3010 899 3070 egrediente
912 3011 939 3056 ab
952 3009 1067 3064 Hiericho,
1078 3025 1104 3055 ac
1115 3009 1183 3054 disci-

220 3073 292 3118 dicere
303 3087 359 3132 quae
370 3071 409 3118 sibi
420 3079 483 3119 erant
493 3079 606 3127 eventura,
718 3074 775 3135 pulis
791 3075 844 3136 ejus,
860 3081 884 3119 et
900 3071 964 3120 turbis
977 3071 1054 3128 multi,
1070 3073 1128 3118 filins
1139 3072 1182 3118 Tr-

252 3140 284 3182 55
295 3139 390 3191 Dicens,
401 3135 468 3188 Ecce.
478 3137 617 3184 ascendimus
627 3137 685 3184 Hie-
718 3137 781 3192 maei,
797 3137 939 3191 Bartimaens'
955 3153 1040 3193 caecus,
1056 3137 1145 3184 sedebat
1157 3145 1182 3183 a·

220 3197 345 3260 *osolymass
362 3207 385 3246 et
397 3200 466 3247 Filius
477 3202 573 3248 bominis
588 3203 688 3249 tradetur
717 3202 763 3264 pud
775 3202 832 3248 viam
843 3202 979 3248 mendicans.

222 3265 352 3326 arincipibus
363 3266 502 3310 sacerdotum
518 3273 542 3311 et
558 3267 647 3322 aeribis;
664 3273 687 3312 et
750 3269 780 3312 47
799 3265 831 3312 Et
847 3281 916 3326 quum
933 3267 1029 3312 audisset
1044 3265 1117 3327 ipsum
1134 3279 1183 3310 esse

224 3329 398 3375 roridamnabunt
408 3343 459 3374 eum
469 3338 547 3382 morte,
557 3330 686 3390 tradentque
717 3327 796 3377 Jesnm
807 3330 869 3376 illum
887 3329 1038 3384 Nazarenum,
1053 3329 1126 3389 coepit
1137 3328 1183 3374 cla-

225 3393 395 3452 rtnngentibus:
717 3408 784 3448 mare,
802 3401 825 3438 et
844 3393 923 3448 dicere,
943 3393 985 3439 Fili
1006 3394 1102 3440 Davidis
1119 3391 1183 3447 Jesu,

252 3460 283 3501 54
302 3455 333 3502 Et
345 3459 407 3516 tyrsae
418 3455 510 3502 illudent
525 3456 551 3506 ei,
568 3465 592 3502 et
608 3455 685 3517 flagei-
717 3459 820 3503 miserere
829 3456 887 3504 mei!

222 3519 297 3565 labrtnt
313 3536 371 3573 eum,
391 3528 414 3566 ct
430 3521 533 3580 inspuent
549 3521 571 3565 in
588 3536 646 3574 eum,
663 3531 687 3567 et
749 3525 781 3566 48
799 3520 951 3582 objurgabant
965 3529 1039 3568 autern
1053 3536 1104 3566 eum
1119 3519 1182 3566 multi

223 3583 360 3630 trucidabunt
377 3599 441 3630 eum:
462 3585 500 3630 sed
517 3583 581 3630 tertio
598 3584 633 3630 die
650 3601 685 3630 re·
717 3591 742 3632 ut
753 3585 841 3630 sileret:
861 3585 897 3632 ille
908 3583 962 3632 verri
973 3582 1043 3632 multd
1054 3584 1126 3645 magns
1137 3584 1182 3630 cla·

223 3657 306 3706 surget.
573 3656 577 3662 “
626 3676 632 3681 -
717 3650 796 3701 mabut,
807 3647 848 3694 Fili
862 3647 963 3704 Davidia,
975 3645 1149 3696 misereremei!

254 3712 285 3754 55
303 3707 393 3768 {Tunc
409 3716 516 3757 accedunt
533 3711 558 3756 ad
576 3727 626 3756 eurn
644 3709 684 3760 Ja·
749 3717 781 3760 49
798 3712 863 3758 Tunc
875 3711 948 3767 Jesus,
959 3729 1028 3772 quum
1045 3711 1181 3760 substiti&-

223 3773 290 3818 enbua
304 3783 327 3817 et
343 3770 449 3824 Joannes,
466 3773 504 3884 pipi
521 3773 634 3829 Zebedaei,
652 3777 685 3822 di·
722 3777 786 3830 iussit
796 3791 847 3822 eum
855 3777 936 3822 vecari.
960 3776 1050 3823 Vocant
1057 3778 1181 3838 ignorare
