2734 4314
498 413 723 466 MATI'HAEUS.
747 414 807 464 Xll.

166 523 272 577 maur,
286 521 392 570 Gloriam
409 521 450 567 tibi
465 519 545 573 tribuo,
558 519 632 573 Pater,
665 521 794 581 quospiam
820 523 920 570 sanare?
950 531 975 572 ut
1000 539 1117 574 &aaaron

168 588 265 634 Domine
274 587 333 634 coeli
342 593 365 632 et
374 593 455 638 terrae,
465 581 525 644 qudd
532 585 586 630 baec
594 600 632 630 oc·
665 599 724 630 eum.

166 651 282 698 csdtaveris
293 666 307 698 a
319 650 457 711 sapientibus
468 654 492 694 et
506 648 633 710 iutelligen-
701 651 727 694 11
747 647 799 711 lpse
809 647 863 697 verd
872 651 927 698 dixit
935 652 974 707 eis,
985 652 1043 706 Quis
1051 655 1093 700 erit
1100 667 1124 700 er

167 717 229 770 tibus,
240 722 264 761 et
274 729 303 762 es
310 715 420 760 retexeris
431 711 558 758 infantibus.
666 713 729 758 vobis
740 715 776 774 qui
788 715 866 761 babeat
877 731 942 762 ovem
953 732 1027 771 anari,
1039 725 1062 763 et
1073 719 1090 764 si
1102 733 1126 764 es

200 783 230 826 26
246 779 330 833 Etiam,
344 778 425 833 Pater3
445 777 498 836 quia
512 777 543 822 ita
552 775 634 838 placuit
666 776 766 825 inciderit
777 780 866 825 sabbato
881 779 904 825 in
919 779 1014 835 fovearis,
1027 797 1071 828 nnn
1089 797 1127 843 ap·

168 844 214 890 dut
666 842 786 902 prehendat
797 858 846 888 earn
857 849 880 888 et
890 843 979 904 erigat?

202 911 230 955 27
249 905 334 952 Omnia
344 904 398 950 mihi
411 905 491 950 tradita
501 910 553 950 sunt
563 919 577 950 a
589 903 635 949 Pa·
702 906 731 950 12
748 905 864 959 Quantirm
876 915 950 953 autem
959 908 1027 954 bomo
1034 915 1129 970 praestat

16 983 19 992 ’
113 1025 120 1030 ,
171 978 204 1018 tre
213 987 277 1017 meo:
294 977 318 1016 et
329 985 396 1016 nemo
413 968 478 1014 novit
495 967 576 1014 Filium
593 969 634 1013 nisi
667 967 724 1014 ovi?
740 967 1130 1030 Itaquelicetsabbatisbeneiitcere.

173 1033 252 1092 Pater3
272 1049 345 1093 neque
357 1033 449 1079 Patrem
466 1032 581 1091 quisquam
592 1047 634 1076 no·
702 1036 732 1079 13
748 1033 813 1080 Tunc
824 1034 880 1079 dixit
891 1035 973 1080 homini
986 1036 1024 1090 ini,
1035 1035 1130 1084 Protea·

173 1099 204 1144 sit
220 1097 387 1151 nidrblliuset
399 1096 524 1155 cuicunque
542 1095 637 1142 voluerit
669 1095 697 1142 dc
718 1111 809 1142 manum
831 1105 899 1144 tumn.
933 1098 966 1144 Et
983 1100 1002 1144 s's
1019 1100 1132 1158 extendits

176 1160 244 1209 lilius
255 1169 364 1222 retegere.
670 1166 748 1220 estque
759 1161 860 1208 restituta
870 1177 929 1214 sana
942 1171 966 1208 ut
977 1163 1052 1208 altera.

205 1229 235 1272 98
252 1225 337 1271 Venite
352 1225 380 1270 ad
394 1239 432 1269 me
448 1238 526 1269 omnes
537 1223 574 1282 qui
585 1223 637 1269 sati·
705 1227 735 1269 14
753 1222 865 1270 Pharisaei
883 1222 937 1272 verd
956 1227 1047 1286 egressi,
1067 1242 1131 1289 cepe·

174 1291 218 1352 gaii
229 1290 283 1336 estis
294 1295 317 1334 et
328 1289 419 1342 onerati,
431 1295 455 1334 et
465 1303 509 1348 ego
523 1287 602 1334 faciam
614 1293 639 1333 ut
671 1294 723 1334 runt
733 1288 851 1335 consilium
862 1286 968 1336 sdverstls
979 1301 1037 1346 eum,
1046 1298 1071 1339 rt
1081 1305 1132 1338 eura

175 1353 322 1414 requiescatis.
670 1352 794 1413 perderent.
807 1408 810 1413 ⁵

206 1423 237 1464 29
253 1416 447 1478 Attollitejugurn
464 1428 538 1460 metim
555 1414 578 1460 in
590 1430 631 1462 vos
705 1419 734 1462 15
750 1414 817 1463 Jesus
828 1425 902 1464 autern
913 1433 982 1478 quum
997 1419 1039 1466 lise
1051 1416 1132 1472 ndsset,

175 1488 197 1528 et
206 1481 283 1527 discite
292 1497 305 1526 a
315 1496 365 1538 me;
376 1477 437 1539 qudd
445 1479 505 1523 mitis
514 1479 556 1524 sim
564 1487 587 1524 et
593 1479 636 1524 bu·
670 1480 760 1526 messit
779 1480 852 1537 illinc;
875 1488 1010 1542 sequutaque
1027 1491 1062 1528 est
1080 1499 1131 1529 eum

175 1546 232 1591 milis
250 1545 335 1591 corde:
360 1551 383 1590 et
401 1543 520 1588 invenietis
539 1544 637 1603 requiem
669 1544 733 1590 turba
743 1544 818 1597 mults,
831 1547 1009 1604 sanadtqueeos
1020 1562 1111 1593 omnes:

174 1611 287 1655 animabus
298 1608 385 1654 vestris.
705 1611 733 1656 16
751 1608 783 1654 Et
794 1609 949 1656 interminatus
963 1617 998 1656 est
1013 1611 1052 1664 eis,
1069 1626 1096 1656 ne
1108 1625 1132 1658 se

206 1677 239 1718 50
253 1672 340 1734 Jugum
352 1672 412 1717 enim
429 1685 503 1716 mcum
518 1669 581 1718 facile
596 1677 637 1724 est,
671 1672 811 1718 manifestum
821 1671 937 1721 facerentt

175 1743 197 1784 ct
208 1751 266 1797 onus
274 1751 349 1782 meum
361 1735 412 1781 leve
422 1742 463 1780 est.
705 1739 733 1782 17
752 1736 786 1782 Ut
794 1737 922 1797 impleretur
930 1737 988 1797 quod
997 1738 1080 1783 dictum
1087 1747 1133 1784 erat

670 1815 710 1860 per
722 1799 812 1846 Esaiam
822 1802 959 1862 prophetam,
971 1801 1088 1854 dicentem,

225 1907 228 1909 .
329 1860 405 1911 cnP.
428 1859 489 1908 xss.
706 1867 735 1909 18
753 1864 814 1909 Ecce
833 1879 911 1909 servus
929 1864 966 1909 ille
981 1879 1050 1917 meus,
1067 1879 1133 1924 quem

215 1926 281 1974 LLO
292 1933 393 1988 ternpore
408 1927 453 1972 ibat
467 1925 534 1973 Jesus
549 1927 639 1972 sabbato
670 1927 742 1988 elegi;
763 1927 855 1972 dilectus
870 1927 907 1972 ille
922 1942 991 1980 mstis,
1007 1928 1030 1972 in
1042 1942 1085 1988 quo
1096 1943 1134 1974 ac·

244 2007 284 2053 per
300 1999 361 2038 sata:
384 1991 485 2050 discipuli
501 1987 555 2036 verd
570 1991 639 2051 ipsius
671 1992 764 2051 quiescit
770 1991 844 2038 anima
854 2005 916 2037 mea:
936 2005 1017 2051 ponam
1028 1990 1133 2051 Spiritum

177 2057 305 2109 esuriebant,
323 2061 488 2117 coeperuntque
501 2054 582 2100 vellere
593 2055 638 2114 spi·
672 2070 746 2101 meum
758 2071 824 2116 super
834 2070 892 2110 eum,
904 2062 927 2101 et
936 2055 1045 2118 judicium
1058 2063 1133 2117 genti·

82 2153 85 2158 -
178 2135 220 2172 cas,
232 2133 254 2166 et
265 2120 337 2165 edere.
672 2119 712 2164 bus
723 2119 871 2166 annunciabit.

210 2189 226 2230 2
242 2181 356 2230 Pharisaei
366 2177 427 2234 verd,
440 2197 507 2242 quum
519 2183 560 2228 loc
571 2181 639 2227 vidis·
707 2187 736 2230 19
753 2183 808 2229 Non
816 2184 917 2244 litigabit,
927 2199 999 2244 neque
1007 2184 1133 2241 clamitabiu

179 2255 234 2302 sent,
249 2248 352 2294 dixerunt
368 2246 396 2299 ei,
412 2245 480 2299 Ecce,
497 2245 596 2306 discipuli
608 2245 640 2291 tui
673 2262 744 2307 neque
755 2249 828 2294 audiet
840 2249 955 2308 quisquam
970 2249 993 2294 in
1003 2249 1081 2309 plateis
1093 2265 1134 2294 vo-

180 2311 262 2357 laciunt
272 2311 331 2371 quod
342 2325 387 2356 non
399 2309 450 2354 licet
460 2309 533 2356 facere
543 2311 640 2356 sabbato.
673 2325 721 2356 cem
733 2312 787 2371 ejus.

210 2379 227 2421 3
243 2374 295 2436 lpse
305 2381 379 2420 autern
392 2373 447 2421 dixit
457 2374 495 2429 eis,
506 2373 561 2419 Non
572 2373 640 2434 legis·
706 2379 738 2420 20
749 2375 888 2421 Arundinem
895 2382 1019 2436 quassatam
1028 2392 1073 2422 non
1080 2392 1134 2422 con-

180 2440 207 2484 tis
218 2440 270 2500 quid
279 2439 358 2485 fecerit
370 2437 452 2491 Dasid,
465 2453 533 2497 quum
547 2438 641 2484 esuriret
672 2438 762 2500 iringet,
778 2447 801 2484 et
818 2439 888 2483 linum
904 2439 1017 2498 fumigans
1033 2455 1079 2484 non
1095 2455 1135 2486 ex-

181 2503 231 2564 ipse,
243 2511 265 2548 et
275 2503 312 2564 qui
324 2509 389 2548 erant
399 2517 449 2547 cum
461 2501 505 2547 eo?
638 2557 641 2562 Ι
673 2504 767 2563 tinguet,
779 2503 903 2562 usquedum
919 2502 1036 2564 protulerit
1050 2503 1078 2549 ad
1088 2504 1135 2550 vic-

211 2571 227 2612 4
238 2567 360 2620 Quomodo
370 2566 479 2611 introierit
486 2566 578 2611 domum
588 2565 641 2619 Dei,
673 2568 753 2613 torisrn
762 2567 878 2628 judicium.

180 2639 203 2677 et
218 2647 285 2692 panes
304 2630 456 2692 proposititios
472 2630 547 2684 ederit,
562 2631 642 2690 quibus
706 2635 734 2676 21
757 2631 789 2678 Et
800 2632 822 2676 in
834 2633 881 2692 ejus
893 2631 984 2678 nornine
994 2642 1073 2694 gentes
1085 2647 1134 2695 spe-

135 2719 144 2732 ·
182 2695 239 2742 vesci
250 2711 295 2741 non
306 2703 355 2740 erat
365 2694 407 2755 ipsi
424 2693 515 2748 licitum,
533 2709 604 2754 neque
615 2694 641 2739 iis
674 2697 759 2742 rabunt.

181 2760 215 2820 qui
235 2775 285 2806 cum
305 2774 333 2805 eo
352 2765 422 2810 erant,
440 2757 479 2803 sed
493 2758 642 2804 sacerdotibus
706 2763 737 2804 22
749 2759 839 2821 {Tunc
847 2761 932 2806 oblatus
940 2766 974 2806 est
981 2761 1000 2806 ei
1009 2761 1136 2808 daemonia·

181 2823 248 2868 solis?
673 2838 713 2870 cru
724 2839 802 2870 caecus
813 2840 839 2871 sc
846 2833 933 2871 mutus:
953 2832 976 2870 et
984 2826 1070 2870 sanavit
1078 2841 1136 2878 euin,

212 2890 227 2934 5
245 2888 292 2932 Aut
303 2902 349 2932 non
366 2885 452 2946 legistis
462 2885 485 2931 in
496 2885 552 2948 lege,
565 2886 641 2932 sabba·
673 2887 728 2934 oded
740 2889 812 2948 utqui
824 2905 938 2936 caecasse
945 2887 1108 2950 mutusfrterat
1115 2897 1136 2936 et

183 2958 208 2996 trs
231 2952 355 2998 sacerdotes
376 2951 400 2994 in
421 2949 504 3010 templo
529 2951 642 2996 sabbatum
674 2951 801 3012 loqueretur
811 2960 835 2999 et
846 2953 938 2999 videret

181 3015 302 3076 profanare,
313 3021 337 3060 et
348 3013 489 3074 inculpabiles
500 3014 566 3060 esse?
614 3050 621 3056 .
708 3021 740 3062 23
757 3016 789 3062 Et
800 3017 912 3076 obstupuit
928 3023 975 3062 tota
989 3016 1059 3067 turba,
1077 3017 1136 3062 dice·

214 3083 229 3126 6
241 3078 301 3124 Dico
306 3086 381 3124 autem
390 3078 459 3132 vobis,
466 3081 579 3139 quendam
586 3084 642 3123 tem·
675 3080 761 3139 batque,
774 3080 858 3125 Nonne
869 3081 910 3125 iste
920 3086 956 3124 est
969 3078 1027 3124 filius
1039 3080 1075 3124 ille
1087 3079 1136 3126 Da·

181 3141 217 3203 plo
229 3145 334 3204 majorem
345 3141 382 3188 bic
393 3157 448 3187 esse.
677 3143 752 3189 vidis?
1055 3177 1057 3182 .

214 3210 228 3253 7
247 3203 512 3266 Quddsindssetisquid
524 3205 642 3258 sitMise-
708 3209 738 3251 24
757 3205 869 3251 Pharisaei
881 3201 941 3258 verd,
953 3219 1020 3264 quum
1031 3207 1087 3252 doec
1098 3221 1137 3253 aa*

184 3270 297 3315 neordiam
305 3269 363 3323 volo,
373 3278 447 3314 etnon
455 3269 591 3322 sacrificium,
599 3284 643 3314 non
676 3271 766 3322 dissent,
778 3269 884 3322 dicebant,
898 3267 945 3315 Iste
956 3284 1000 3314 non
1012 3270 1070 3331 ejicit
1086 3271 1138 3318 dao-

195 3331 370 3379 ondemndssetis
380 3333 529 3394 inculpabiles.
676 3335 751 3380 monia
767 3332 809 3379 nisi
825 3349 865 3394 per
881 3333 1039 3380 Beelzebulem
1056 3333 1138 3396 princi⁴

209 3391 229 3442 '8
247 3397 307 3442 Nam
320 3397 434 3444 Dominus
442 3407 476 3443 est
484 3398 551 3444 etiam
563 3396 644 3442 sabbati
676 3414 726 3460 pem
739 3399 912 3444 daemoniorum.

188 3461 374 3508 Filiusbominisr
635 3485 648 3496 —
709 3466 740 3509 25
756 3461 824 3509 Jesus
832 3471 912 3516 autem,
922 3477 990 3522 quum
999 3461 1065 3508 sciret
1075 3473 1126 3524 cogi

215 3528 263 3585 91
273 3525 306 3570 Et
323 3525 435 3586 digressus
454 3525 520 3576 illine,
541 3523 603 3569 venit
621 3523 643 3569 in
675 3525 1137 3588 tationcseorum,dixiteis,0mneregnum

178 3598 322 3651 synagogam
334 3603 419 3634 eorum.
678 3591 785 3636 dissidens
797 3587 902 3635 adversus
915 3605 970 3644 sese,
987 3601 1098 3636 vastatur:
1117 3603 1138 3636 et

218 3655 248 3698 10
265 3653 303 3706 Et,
315 3667 374 3705 eece,
386 3653 473 3712 quidam
482 3648 530 3697 illic
541 3659 586 3696 erat
597 3665 645 3696 ma·
678 3655 750 3699 omnis
761 3653 813 3697 urbs
829 3659 867 3698 aut
883 3653 962 3699 domus
978 3653 1085 3699 dissidens
1102 3653 1136 3700 sd·

187 3729 238 3764 num
250 3716 332 3762 habens
349 3715 438 3762 aridam.
472 3716 505 3760 Et
521 3713 646 3776 interregi-
678 3715 756 3763 verstls
767 3715 868 3774 seipsum,
880 3721 926 3764 non
936 3718 1008 3764 stabit.

155 3833 158 3838 ¹
188 3789 306 3826 anteum.
320 3779 425 3830 dicentes,
444 3778 537 3824 Licetne
553 3779 646 3824 sublatis
711 3785 742 3824 ‘26
760 3778 803 3822 Sed
816 3778 833 3824 si
846 3779 938 3828 Satanas
956 3783 1060 3829 Saursrn
1075 3781 1139 3838 etti,

446 3847 475 3888 13
