2756 4320
534 383 697 441 JOANNES.
720 382 768 432 lX.

192 495 222 536 ⁴0
238 489 305 536 Nunc
317 502 398 538 autem
418 489 517 538 studetis
533 503 570 536 nte
588 496 636 536 tru-
667 489 734 536 etism
745 489 865 552 prophetae
881 489 963 538 mortui
982 497 1046 538 mut.
1062 487 1132 553 'qtteae

165 554 234 609 sidere,
245 553 363 600 homiuem
382 554 426 614 qui
439 554 556 601 veritatem
575 555 638 600 uoltis
669 561 693 600 tu
705 553 799 615 teipsum
811 551 884 599 iscis?

164 617 259 678 loquutus
271 634 329 672 sum,
347 633 423 678 quum
441 618 517 665 audit-i
536 633 549 664 e
567 617 636 664 Deo:
702 621 733 664 54
752 617 876 678 Respondit
887 616 961 671 Jesus,
974 617 997 664 si
1009 633 1054 680 ego
1064 617 1135 680 gloti-

157 683 202 730 ,lne
213 683 357 728 Abrnlmmus
370 697 422 728 non
434 681 495 728 fecit.
670 680 712 726 lino
721 681 837 742 meipsum,
853 681 926 743 glotis
944 697 994 728 mea
1013 683 1066 728 nihil
1084 692 1134 730 ast:

191 750 218 791 4l
238 745 289 792 Vns
300 745 379 791 facitis
392 761 464 807 opera
476 744 545 806 patris
565 745 639 790 vestri.
673 744 740 791 Pater
751 745 787 792 ille
795 747 883 791 mensis
890 746 967 807 estqui
976 745 1086 807 glorificet
1094 761 1137 800 tue.

165 806 236 869 ltoque
252 811 364 856 dixerunt
383 810 414 862 ei,
436 809 487 855 Nes
506 823 535 854 ex
557 817 639 854 scortu-
671 823 736 869 quem
748 824 790 854 vos
800 809 872 855 dicitis
884 809 961 854 Deum
973 818 1138 858 vestrumease.

165 874 220 920 tione
230 888 276 920 non
289 889 374 920 sumus
395 873 485 935 geniti:
506 887 574 918 unum
596 871 639 920 l'e·
704 875 735 918 55
753 873 798 918 Sed
809 888 854 918 non
866 872 936 918 mistis
946 889 1014 928 euntt
1030 889 1075 935 ogo
1084 872 1138 922 vetti

164 946 215 984 tuem
227 938 344 990 hebemus,
357 952 444 996 nentpe
456 936 541 983 Deunt.
588 971 592 983 ,
672 937 745 998 ipsum
756 937 826 982 novit
845 945 868 982 et
879 937 897 982 si
909 937 986 982 dixero
997 937 1068 998 ipsum
1084 937 1139 986 mild

193 1005 223 1046 42
240 1001 310 1047 Dixit
321 1017 384 1062 ergo
396 1001 430 1047 eis
441 999 516 1054 Jesus,
536 999 560 1046 Si
577 998 642 1046 Deus
674 1014 779 1046 nonense
791 1008 875 1053 notum.
887 999 1101 1056 erosintilisvtntri
1114 1001 1139 1049 sd

169 1063 227 1112 l'atet
238 1073 315 1112 tester
322 1072 395 1119 esset,
405 1064 523 1125 diligeritis
531 1079 582 1120 me;
598 1080 642 1125 ego
673 1072 713 1117 est,
721 1063 832 1110 mendax:
850 1061 948 1110 sedeunt
957 1064 1017 1118 novi,
1026 1071 1049 1110 et
1056 1079 1141 1112 sermo·

166 1129 253 1176 enine
275 1129 332 1175 Deo
356 1128 431 1190 prodii
451 1135 474 1174 et
493 1127 583 1174 ndsutn:
602 1143 644 1174 nee
675 1143 725 1174 netu
737 1128 785 1188 ejus
796 1142 869 1172 servo.

167 1207 221 1238 mun
243 1209 258 1240 ι
278 1193 372 1254 meipso
394 1191 452 1246 veni,
481 1191 520 1238 ned
544 1191 581 1238 ille
607 1206 644 1238 nte
707 1190 897 1237 sendelenus
918 1197 981 1252 pater
1007 1189 1045 1238 ille
1068 1199 1142 1240 veste

167 1256 230 1304 nint
675 1255 767 1316 gestivit
775 1261 800 1300 ut
811 1254 897 1301 videret
907 1255 965 1301 diem
977 1255 1044 1302 istum
1053 1269 1142 1314 meunt

195 1324 227 1366 43
239 1321 320 1376 Quare
328 1319 489 1382 loquutionem
499 1319 562 1366 istam
571 1333 644 1365 meent
675 1328 697 1365 et
709 1319 770 1372 uidit,
778 1333 804 1365 ae
815 1319 906 1380 gavisus
918 1331 959 1366 est.

168 1399 210 1431 non
220 1385 370 1446 agnoscitis?
386 1400 469 1444 nempe
480 1385 642 1444 quouiatnttou
708 1387 738 1430 57
757 1383 871 1430 Dixerunt
902 1383 971 1445 igitur
1002 1383 1023 1431 ei
1055 1382 1142 1440 Jtttlsel.

168 1451 258 1510 potestis
269 1450 354 1496 audire
365 1463 493 1496 sermonem
504 1462 587 1494 meum.
677 1447 846 1510 Quinquaginta
853 1462 924 1494 annos
933 1448 1032 1496 nondum
1040 1449 1112 1504 tates,
1121 1457 1143 1498 et

199 1516 231 1558 44
247 1513 301 1560 Vos
312 1529 346 1560 ex
357 1521 421 1574 patre
438 1511 525 1558 diabolo
544 1512 605 1558 estis.
623 1517 646 1556 et
677 1512 828 1558 Abrahnmnm
841 1511 933 1558 uidisti?

169 1577 301 1638 cupiditates
324 1578 398 1639 patris
420 1575 489 1622 vestri
511 1574 577 1622 tultis
604 1589 645 1620 ex·
709 1580 740 1622 58
757 1576 824 1622 Dixit
835 1576 868 1622 eis
878 1575 953 1629 Jesus,
972 1575 1054 1630 Amen,
1071 1591 1143 1632 amen,

171 1641 237 1702 plere.
273 1640 319 1688 Ille
331 1641 376 1687 tuit
387 1639 645 1701 homicidnsptineipio,
676 1639 726 1685 dice
754 1640 822 1694 vobis,
849 1641 976 1701 priusquam
1004 1641 1144 1687 Abraltatnus

172 1706 227 1752 etin
237 1706 338 1753 veritate
355 1720 400 1751 non
418 1703 514 1766 perstitit
523 1719 531 1758 3
548 1717 593 1749 non
612 1708 647 1748 est
676 1705 788 1756 existeret„
799 1719 842 1764 ego
855 1719 912 1749 sum.

172 1769 230 1814 enim
246 1771 335 1816 veritas
351 1771 374 1815 itt
393 1784 428 1815 eo.
463 1767 647 1826 Quotiescunque
710 1771 742 1814 59
760 1767 901 1812 sustulerunt
912 1781 967 1826 ergo
978 1765 1061 1826 lapides
1071 1774 1096 1813 ut
1107 1768 1145 1829 Ja-

173 1831 443 1894 loquutur-menducium,
466 1831 493 1878 de
516 1846 556 1877 suo
574 1829 646 1890 lnqui-
678 1831 865 1876 cerentineuutt
884 1828 1037 1877 Jesnsautetn
1046 1831 1144 1877 occulta-

173 1903 215 1951 tur.
236 1899 294 1959 qnia
310 1897 407 1944 mendax
418 1905 459 1950 est,
483 1902 507 1942 et
527 1901 590 1957 pater
611 1893 648 1939 ille
679 1891 984 1954 vitseetexititetemplo,
992 1907 1061 1953 quum
1073 1901 1145 1940 traus-

175 1962 294 2008 meudecii.
682 1958 758 2003 ivisset
769 1956 902 2019 permedio·
921 1955 995 2018 ipsos:
1014 1963 1037 2003 et
1044 1957 1144 2020 ittprao·

205 2029 237 2073 45
260 2027 308 2072 Vos
318 2032 398 2077 eutem,
415 2023 467 2084 quit
477 2038 521 2085 ego
532 2022 649 2070 veritatem
681 2023 746 2068 teriit.

176 2087 223 2136 dicu
235 2106 285 2137 nen
296 2089 384 2135 creditis
395 2089 457 2134 mihi.

640 2139 644 2146 ι

207 2158 239 2201 46
257 2154 356 2208 Quisex
366 2152 429 2198 vobis
438 2150 649 2212 nuguitmedepes·
842 2149 917 2198 ΟΑΡ.
937 2149 985 2198 IX.

178 2218 244 2264 omn?
271 2219 289 2264 si
311 2206 502 2270 ueritatem'dico.
522 2229 591 2276 quate
609 2228 650 2260 voe
684 2213 961 2330 PRAETERIENS
986 2222 1061 2261 autem
1092 2213 1146 2262 vidit

179 2295 222 2328 non
233 2281 324 2329 creditis
333 2279 404 2327 inihi?
768 2278 877 2337 quendem
889 2292 979 2323 cseeutn
990 2292 1004 2324 ι
1014 2279 1136 2324 nativitate.

211 2350 243 2392 47
262 2345 310 2400 Qui
329 2360 357 2392 ex
380 2344 434 2390 Deo
452 2351 492 2396 est,
515 2341 651 2389 verba.1)ei
714 2341 1147 2402 2Etintertogavetuuteumdisoipuli

181 2411 254 2467 audit3
271 2416 437 2471 pmptereeuos
448 2407 588 2462 nnnnuditio,
599 2406 652 2466 quin
681 2407 736 2468 ejus,
754 2403 858 2457 dicentes,
878 2403 957 2459 Rabbi,
975 2404 1025 2464 quis
1041 2404 1147 2465 peccavit,

182 2489 210 2520 ex
222 2475 277 2521 Deo
288 2489 334 2518 non
345 2475 405 2518 estis.
681 2470 729 2524 iste,
741 2483 769 2514 nn
780 2473 883 2528 parentes
893 2468 948 2530 ejus,
966 2474 990 2514 ut
1001 2482 1079 2514 enetos
1095 2483 1147 2515 nas-

214 2543 246 2583 48
264 2536 439 2598 Responderunt
454 2551 510 2596 ergo
529 2532 609 2583 Judsei
628 2540 652 2579 et
680 2532 787 2580 seretur?

183 2601 324 2648 distentutei.
344 2599 430 2646 Nonne
444 2600 500 2644 bene
516 2598 610 2644 dicimus
629 2605 652 2643 te
712 2595 871 2658 5lteepondit
897 2594 970 2651 Jesus,
999 2596 1080 2658 Neque
1106 2596 1147 2646 iste

184 2665 347 2712 Snmutt'tanutn
358 2679 415 2718 esse,
427 2670 450 2709 et
460 2662 602 2710 daemonium
610 2662 651 2707 ha·
679 2662 786 2724 peccavit,
798 2676 870 2722 neque
880 2669 982 2724 petentes
992 2663 1046 2725 ejus,
1058 2670 1084 2709 nt
1094 2678 1147 2710 eoe-

184 2729 256 2777 bere?
378 2735 382 2742 '
680 2734 879 2781 munumentum
895 2726 1148 2783 sedenecnsnatusest,

215 2799 248 2842 49
259 2793 385 2854 Respondit
393 2789 468 2845 Jesus,
478 2789 531 2852 Ego
537 2789 651 2836 daemoni·
681 2798 706 2836 ut
716 2805 784 2852 opera
794 2789 840 2836 Dei
851 2790 967 2838 manifeste
978 2790 1032 2838 finnt
1043 2791 1066 2836 in
1077 2807 1112 2838 en

184 2874 222 2906 ttm
233 2873 279 2904 non
296 2858 381 2912 ltnlte03
399 2855 438 2902 sed
455 2865 541 2901 nonore
562 2853 652 2900 Patrem
715 2859 731 2900 4
748 2854 844 2916 Oportet
854 2869 977 2901 mensuare
988 2855 1147 2916 operibusque

185 2937 267 2976 meum,
276 2928 300 2967 et
310 2936 351 2967 uos
362 2916 496 2966 contumelii
507 2918 593 2964 allicitis
610 2933 652 2963 me.
682 2917 720 2979 qui
731 2919 791 2964 misit
798 2933 842 2970 me,
861 2918 932 2963 donee
943 2917 989 2963 dies
1005 2925 1054 2964 est:
1074 2920 1149 2964 veniet

217 2990 250 3034 50
266 2985 321 3047 E'gn
331 2980 386 3032 veni
397 2998 442 3030 non
459 2997 541 3043 quaero
557 2981 653 3044 gloriam
683 2997 736 3035 nox,
748 2996 816 3042 quum
827 2995 893 3026 nemo
904 2986 978 3040 potest
986 2980 1079 3040 operari.

186 3065 258 3098 meam
269 3066 276 3095 ι
294 3047 377 3109 estqui
388 3057 479 3107 quaerat
489 3045 610 3108 etjudieet.
715 3048 731 3092 5
748 3043 861 3098 Quamdiu
871 3043 935 3088 fuero
946 3043 970 3088 in
986 3042 1077 3098 mundo,
1095 3041 1148 3092 Lux

217 3117 246 3162 51
265 3113 349 3168 Amen,
360 3125 433 3164 ttmen,
446 3111 496 3157 dico
507 3109 577 3163 vobis,
587 3108 655 3169 siquis
684 3123 733 3154 sum
744 3105 828 3152 mundi.

186 3192 311 3224 sennonem
322 3190 397 3221 meum
414 3173 541 3228 servaverit.
559 3170 662 3220 mortem'
717 3176 732 3218 6
750 3169 804 3216 Hoc
815 3183 882 3229 quum
894 3167 992 3224 dixisset,
1006 3169 1064 3230 spuit
1080 3169 1148 3226 iuml,

186 3255 231 3290 non
242 3241 363 3301 conspiciet
373 3238 397 3284 iu
407 3244 529 3285 aeternum.
684 3245 707 3282 et
717 3235 770 3282 lecit
781 3234 852 3279 lutum
862 3247 891 3279 ex
902 3239 974 3295 sputo,
993 3240 1017 3279 et
1027 3232 1097 3281 illevit
1115 3233 1149 3282 iu·

219 3309 251 3352 52
269 3304 385 3350 Dixerunt
394 3299 574 3363 etgoeiJudael,
586 3297 656 3345 Nunc
685 3311 733 3346 tum
744 3297 814 3344 oeulis
824 3297 901 3354 euenit

190 3383 331 3430 egnesctmus
352 3373 376 3413 te
398 3365 538 3414 daemonium
565 3365 655 3410 habere.
717 3365 732 3410 't
751 3363 859 3422 Dixitque
869 3362 897 3416 ei,
916 3359 985 3416 Vnde.
997 3360 1060 3408 ablue
1076 3363 1150 3412 oculos
1247 3363 1250 3369 '

194 3428 652 3491 lbrdtamusmortuusestetptophetae:
684 3427 707 3474 in
718 3423 802 3489 piscini
815 3425 904 3478 Siloam,
916 3425 1027 3486 qundest,
1046 3425 1064 3472 ai
1081 3426 1146 3473 inter·

193 3509 210 3542 tt
224 3503 246 3542 tu
263 3495 323 3549 dieis,
343 3493 416 3553 Siquis
436 3507 561 3540 sermonem
580 3506 655 3537 meum
684 3492 783 3552 proteris,
797 3489 969 3542 minuetum
979 3504 1041 3552 ergo,
1052 3498 1075 3536 et
1083 3491 1149 3538 eblu'd

193 3559 316 3612 servaverit,
339 3571 385 3604 non
406 3557 504 3618 gumtabit
519 3563 614 3602 mortem
632 3555 655 3600 in
685 3557 765 3606 oculus,
778 3553 884 3613 rediitque
893 3552 976 3598 videns.

193 3630 311 3670 aeteruum.
718 3623 733 3662 8
750 3616 825 3663 Vicini
833 3632 895 3678 ergo,
906 3625 930 3662 et
937 3615 1041 3678 quiprids
1050 3618 1148 3667 vitm-n

225 3689 255 3732 5³
273 3681 655 3747 Numtumajntespatteillottos·
685 3697 737 3728 eum
753 3695 844 3727 eatenm
861 3696 916 3735 esne,
937 3681 1045 3737 (linebant,
1068 3682 1150 3731 Romu

195 3757 226 3790 nn
257 3751 380 3796 Atratinus
411 3750 448 3810 qni
476 3755 577 3794 mortuus
603 3745 655 3792 est?
688 3746 721 3791 uio
732 3745 814 3806 estqui
825 3745 913 3794 sedebat
924 3747 1111 3795 coneneie-tot?
