2756 4320
557 420 720 470 JUANMIR,
745 423 818 462 filit.

204 535 259 573 cena
279 519 347 566 Venit
362 521 421 566 hora
431 520 524 580 illaqua
533 519 669 582 glorificetur
730 523 762 566 28
781 519 985 569 UtaermoEaaae
1118 523 1161 570 tm.

206 582 272 630 attin
280 584 387 630 homini&
698 583 802 646 pkretur.
821 601 887 646 qnam
904 585 967 640 dixit,
1055 591 1096 640 ne,
1112 587 1162 648 quia

235 650 267 693 24
282 648 365 701 Amen,
383 661 457 700 amen,
474 646 525 693 dico
540 647 610 701 vobin,
626 647 668 694 nid
699 649 791 702 credidit
801 650 897 695 annoni
912 656 995 703 nostro,
1011 658 1034 696 ct
1049 651 1160 699 brechiuu·

204 726 297 772 granum
307 711 415 757 frumenti
426 711 531 757 ceciderit
541 712 564 757 iu
581 719 668 766 terram,
701 711 794 758 Domini
806 713 840 758 cui
853 721 959 759 retectum
970 712 1024 760 eat?

204 783 227 820 et
237 783 348 821 mortuum
359 774 434 828 inerit,
452 775 524 836 ipsum
538 775 609 821 solum
620 791 668 822 ma·
731 779 763 824 39
781 775 902 837 Propterea
909 791 953 822 non
959 778 1161 838 poterantcredera,

205 846 255 885 net:
274 839 293 884 ai
304 835 358 884 vead
369 846 483 885 mortuum
491 838 563 892 suerit,
575 839 668 885 multum
699 840 750 900 quia
761 840 840 886 iterum
852 841 907 886 dixit
917 840 1002 895 Esaiae,

205 901 300 948 fructum
311 901 390 947 adfert.
731 902 1087 958 donzenaco-nocumentum,
1094 907 1163 952 ctoir·

237 969 268 1012 25
286 965 506 1019 Quiamatanimam
516 967 669 1027 suam,perdet
700 966 787 1013 duravit
807 967 875 1013 corda
895 982 989 1014 eoruma
1024 983 1053 1014 ne
1075 969 1164 1018 videant

205 1029 669 1140 ttttssdiffitfft‘tmffld
700 1030 1052 1147 &immitunt
1073 1039 1095 1078 '²
1113 1048 1163 1081 '²⁸‘

348 1126 354 1148 Ι

206 1157 275 1203 todiet
285 1171 342 1202 eam.
733 1160 762 1202 41
783 1155 849 1203 Haec
855 1157 912 1203 dixit
919 1157 1004 1210 Esaiae,
1013 1158 1101 1218 quando
1109 1159 1165 1208 vidit

239 1224 271 1266 26
288 1221 312 1266 Si
322 1219 376 1266 mihi
388 1220 438 1282 quis
447 1221 563 1274 ministrat,
581 1235 617 1267 me
634 1235 669 1267 ae·
701 1220 795 1282 gloriam
806 1221 860 1281 ejus,
871 1229 895 1267 et
905 1220 1009 1282 loquutus
1019 1229 1054 1267 eat
1064 1222 1092 1268 de
1102 1237 1137 1268 eo.

204 1292 300 1344 quatum
327 1289 350 1329 et
372 1285 406 1330 ubi
428 1300 472 1346 ego
491 1284 560 1338 fuero,
582 1285 627 1331 ill'rc
648 1292 671 1331 et
733 1288 766 1330 42
783 1283 936 1331 Veruntamen
947 1285 1014 1331 etiam
1024 1285 1164 1348 exprimon'·

206 1348 308 1394 minister
318 1363 380 1393 meus
396 1348 453 1395 erit:
478 1356 500 1394 et
516 1349 535 1394 ni
550 1349 600 1410 qun
616 1349 669 1394 mihi
700 1348 741 1394 bus
759 1348 823 1394 multi
840 1349 980 1395 crediderunt
995 1349 1018 1395 in
1034 1365 1101 1396 eumz
1126 1351 1164 1399 ted

205 1412 370 1466 ministraverit,
382 1413 498 1458 honorabit
508 1427 559 1458 eum
573 1411 647 1460 Pater.
701 1420 790 1474 propter
808 1411 938 1460 Pharisaeos
954 1415 995 1460 doc
1011 1429 1056 1460 nou
1072 1413 1163 1475 profite-

240 1479 270 1522 27
288 1475 356 1522 Nunc
367 1477 441 1522 anima
450 1491 500 1522 mea
516 1477 603 1523 turbata
617 1484 667 1522 eata
701 1477 786 1530 bantur,
798 1492 827 1522 ue
837 1475 954 1540 ryuagogai
964 1486 1113 1526 morerentur.

133 1595 138 1602 Ι
204 1546 230 1584 et
240 1539 292 1601 quid
303 1539 394 1586 dicam?
416 1539 490 1594 Pater,
507 1539 575 1586 libera
591 1555 627 1586 me
642 1541 670 1586 ab
733 1545 765 1586 43
782 1540 917 1588 Dilexemnt
933 1543 993 1588 emm
1009 1542 1104 1604 gloriam
1121 1543 1162 1590 ho·

206 1604 248 1650 hac
259 1601 329 1659 horit
345 1604 384 1650 aad
394 1612 510 1666 propteroa
520 1604 570 1650 veni
587 1603 611 1650 iu
628 1605 668 1650 ho·
700 1604 786 1650 minum
796 1603 871 1666 potitis
881 1602 947 1666 qudm
958 1606 1052 1668 gloriam
1060 1604 1115 1652 Dei.

208 1681 256 1713 ram
267 1669 333 1714 hanc.¹
732 1672 765 1713 44
780 1667 848 1718 Jeaua
858 1676 932 1715 autem
943 1669 1053 1723 clamavit,
1068 1677 1091 1716 et
1101 1669 1163 1726 dixit,

182 1779 189 1784 ,
239 1735 270 1776 28
288 1731 362 1788 Pater,
379 1731 480 1793 glorifica
498 1747 579 1778 nomen
599 1739 669 1778 tuum.
702 1731 748 1784 Qui
759 1733 915 1786 creditiume,
932 1744 978 1778 nou
993 1734 1063 1779 credit
1079 1733 1103 1778 iu
1120 1749 1163 1788 me,

208 1792 279 1841 Venit
290 1811 345 1856 ergo
360 1811 405 1842 vox
421 1811 434 1842 e
450 1796 519 1849 coeio,
536 1797 620 1851 dicata,
638 1796 671 1842 Et
701 1796 770 1841 aedIn
781 1811 832 1842 eum
843 1797 880 1856 qui
891 1795 952 1840 misit
962 1811 1006 1842 me.

206 1857 336 1920 glorificavi,
347 1867 370 1906 et
381 1873 456 1905 rursus
467 1859 601 1921 glorificabo.
734 1863 766 1906 45
784 1858 816 1904 Et
824 1859 861 1919 qui
869 1859 977 1920 conspicit
995 1873 1037 1913 me,
1057 1859 1165 1921 conspicit

240 1927 272 1970 29
287 1923 424 1984 Turbaergo
431 1938 487 1983 quae
493 1924 620 1970 adstabatet
628 1938 668 1968 au·
700 1935 752 1968 eum
763 1923 801 1984 qui
812 1921 872 1968 mida
882 1936 925 1968 me

207 1985 284 2040 dierat,
300 1987 385 2036 dicebat
401 1988 485 2033 tonitru
500 2002 550 2034 ease
570 1987 667 2033 factum:
733 1990 766 2034 46
782 1985 836 2047 Ego
846 1985 919 2031 luxiu
937 1985 1043 2032 mundum
1062 1986 1120 2040 veni,
1140 1994 1164 2034 ut

209 2051 369 2106 Aiiidicebnnt,
382 2050 669 2112 Angeluaeiloquutuaest
701 2049 798 2110 quiaquia
808 2050 908 2097 creditin
917 2065 953 2096 me
963 2050 986 2096 in
1005 2050 1100 2098 tenebris
1119 2067 1163 2098 nun

238 2119 273 2161 50
288 2114 413 2178 Respondit
422 2114 496 2169 Iesus,
507 2115 604 2176 etdixit,
614 2114 669 2161 Nou
701 2121 795 2161 mmeat

206 2185 297 2240 propter
318 2194 354 2226 me
374 2179 429 2225 haec
450 2193 497 2226 vox
517 2179 609 2233 exstitit,
631 2179 670 2225 aad
733 2182 764 2226 47
782 2179 855 2241 Sirpda
881 2185 954 2224 autem
979 2178 1071 2225 audierit
1097 2179 1165 2226 verba

208 2250 298 2304 propter
307 2259 355 2289 vos.
701 2255 756 2296 mea,
784 2249 807 2288 et
833 2257 879 2289 non
901 2242 1023 2296 crediderit,
1050 2258 1094 2304 ego
1119 2257 1164 2289 uon

239 2310 268 2352 31
288 2306 358 2352 Nunc
374 2306 483 2368 judicium
504 2307 567 2352 adest
594 2307 670 2352 mundi
701 2306 782 2352 damrm
801 2306 889 2366 ipsum:
918 2319 964 2351 non
986 2306 1045 2351 enim
1067 2306 1118 2351 veni
1140 2314 1164 2352 ut

207 2370 283 2432 hujus;
300 2379 359 2417 nunc
375 2371 477 2432 princeps
490 2370 526 2416 ille
540 2383 616 2416 munau
628 2385 669 2416 nu-
701 2369 804 2415 damnem
824 2368 938 2422 mnndum,
966 2369 1005 2414 aed
1026 2375 1051 2414 ut
1077 2383 1164 2416 servem

206 2450 243 2498 Jua
253 2435 350 2496 ejicietur
359 2434 427 2480 foras.
700 2431 815 2478 mundum.

239 2503 272 2544 52
288 2498 321 2544 Et
328 2514 390 2560 ergo,
400 2499 417 2544 si
427 2497 524 2544 sublatus
531 2497 596 2543 fuero
604 2511 669 2544 ater·
733 2500 764 2541 48
781 2495 827 2551 Qut
840 2495 958 2558 rejicitme,
970 2509 1011 2540 nec
1022 2495 1098 2556 recipit
1114 2511 1165 2542 ver·

121 2621 126 2625 η
208 2559 238 2616 ri,
250 2577 327 2608 omnen
339 2563 423 2608 traham
434 2561 462 2608 ad
473 2562 587 2622 meipsum.
701 2560 729 2606 ba
739 2574 795 2614 mea,
810 2559 875 2606 habet
885 2559 1065 2620 qui-condamnet
1074 2559 1162 2621 ipsum:

238 2630 271 2672 ³3
288 2625 438 2688 (Hocautem
445 2625 535 2679 dicebat,
543 2624 671 2686 aigniiicana
701 2639 774 2670 termo
783 2639 850 2684 quem
861 2622 965 2685 loquutus
976 2639 1032 2679 eum,
1053 2624 1089 2671 ille
1100 2624 1163 2671 dam-

207 2687 670 2750 qutimortesuturumeratutmoreretur.)
701 2689 761 2734 nabit
769 2703 820 2735 eum
831 2687 909 2735 ultitno
919 2687 958 2734 iiio
969 2688 1013 2736 die.
1158 2726 1160 2732 ,

239 2757 272 2800 54
287 2753 443 2814 Responditei
454 2753 523 2807 turba,
540 2751 592 2798 Noa
607 2753 670 2800 audi·
732 2757 765 2800 49
782 2752 842 2806 Quia
852 2768 896 2814 ego
907 2768 935 2800 ex
946 2753 1030 2814 meipso
1050 2752 1095 2800 non
1114 2768 1164 2799 rum

209 2817 321 2865 rimuaex
337 2818 393 2879 lege,
413 2815 527 2864 Christum
543 2831 633 2863 manere
647 2817 670 2863 in
701 2814 820 2877 loquutuat
839 2818 878 2864 aed
896 2817 933 2878 qui
955 2818 1015 2864 misit
1033 2833 1070 2863 me
1090 2815 1164 2871 Pater,

208 2891 336 2928 aeternum:
354 2881 467 2941 quomodo
483 2881 552 2941 igitur
566 2888 590 2927 tu
609 2880 669 2936 dicia,
701 2880 747 2942 ipse
764 2881 817 2926 mihi
836 2881 948 2928 mandavit
968 2882 1021 2943 quid
1042 2882 1120 2935 dicam,
1142 2887 1165 2926 et

208 2953 310 3006 oportere
321 2945 369 2991 tolli
387 2944 468 2992 Filium
485 2943 600 2991 hominis?
621 2945 670 3006 quie
700 2943 753 3006 quid
763 2945 846 3004 loquar.

208 3016 242 3056 est
252 3010 294 3056 Iste
305 3007 376 3056 Filius
386 3007 499 3055 homInis?
733 3009 766 3054 50
782 3007 815 3053 Et
825 3007 872 3053 acic
888 3008 1015 3052 mandatum
1034 3020 1082 3066 ejus
1096 3011 1165 3052 ntem

143 3122 151 3136 Ι
239 3075 272 3120 55
289 3069 356 3120 Dixit
366 3073 435 3134 igitur
450 3073 482 3118 cia
498 3071 572 3126 Jeous,
589 3071 671 3118 Adhuc
702 3077 813 3118 aeternam
824 3084 879 3115 aeae.
913 3069 979 3122 Quae
986 3069 1055 3128 igitur
1070 3082 1114 3128 ego
1130 3069 1165 3113 Io-

208 3150 277 3198 parvo
284 3144 383 3198 tempore
390 3137 429 3182 lux
437 3137 551 3183 vobiscum
557 3141 603 3182 eat:
622 3151 671 3182 am·
701 3149 765 3194 quor,
776 3139 842 3194 prout
852 3131 908 3177 dixit
918 3131 971 3177 mihi
989 3130 1063 3185 Pater,
1084 3130 1116 3178 ita
1130 3131 1164 3176 io·

208 3199 671 3254 bulatednmlucemhabetianevoatene·
701 3212 765 3259 quor.

208 3263 258 3311 brae
276 3265 454 3326 deprehendant:
479 3265 530 3310 nam
547 3263 584 3323 qui
594 3263 671 3309 ambu—
1034 3283 1035 3286 =

208 3327 238 3376 iat
247 3329 271 3388 in
282 3328 378 3375 tenebris
389 3328 459 3374 nescit
468 3326 514 3388 qud
525 3327 596 3374 vadat
849 3320 923 3370 CAP.
947 3320 1022 3368 XIII.

239 3395 272 3438 ³6
288 3392 352 3438 Dum
363 3392 436 3439 iucem
447 3392 537 3446 habetis,
554 3389 669 3436 creditein
769 3387 840 3434 NTE
860 3388 942 3434 festum
964 3395 1038 3432 autem
1065 3385 1167 3446 paucine,

208 3453 287 3509 iucem,
302 3463 329 3501 ut
339 3455 376 3501 iiiii
388 3455 442 3502 Iucia
457 3455 521 3501 fiatis.
555 3453 620 3500 Haec
637 3453 670 3499 lo-
776 3448 1098 3500 sciemJesuavenisaelroram
1107 3448 1166 3496 tilam

209 3526 290 3578 uruntur
300 3525 335 3565 eat
346 3518 431 3567 Ianuar
453 3527 476 3566 et
492 3533 560 3580 quum
576 3518 670 3572 abiisset,
702 3531 771 3570 sumn,
782 3513 826 3576 quia
833 3515 985 3576 digrederetur
993 3527 1022 3560 ex
1029 3514 1072 3559 lroe
1080 3513 1164 3560 mundo

209 3583 327 3630 occultavit
338 3597 362 3629 ae
372 3583 447 3629 abeis.
702 3579 730 3626 nd
742 3579 839 3633 Patrem,
848 3593 916 3639 quum
928 3577 1039 3624 dilexiaaet
1051 3577 1164 3632 auoaillos,

240 3649 271 3693 37
287 3649 305 3707 1
319 3645 397 3700 Quum
416 3654 489 3693 autem
511 3651 545 3692 tot
553 3643 618 3706 signa
631 3659 670 3690 co·
701 3643 739 3703 qui
751 3641 948 3697 erantInmundo,
967 3642 1081 3702 usquead
1098 3640 1165 3689 finem

210 3723 255 3754 ram
272 3709 305 3755 eia
321 3709 432 3765 edidisset,
450 3725 495 3756 uon
513 3708 632 3756 credebaut
648 3707 671 3756 in
703 3706 836 3754 dilexiteoa.

209 3785 274 3820 namt
738 3749 1099 3834 2Etcoeniperacti(quum
1118 3766 1168 3816 da·
1264 3731 1269 3736 Π
1333 3761 1337 3768 “
