2734 4314
513 425 749 485 MATTHAEUS,
771 428 884 478 xxvn.

255 531 288 574 23
305 527 399 574 Pnesas
420 534 494 574 autem
516 526 552 579 uit,
577 527 609 572 At
628 527 687 572 enim
721 527 785 574 EST
810 525 908 574 IESVS
934 527 1005 574 ltux
1030 527 1112 576 ILLE
1133 527 1167 576 lv
1192 551 1198 556 ·

225 592 275 646 qnid
287 591 339 638 mali
355 590 426 637 fecit?
445 591 477 637 At
493 588 629 651 illisampliris
640 592 686 636 cla·
721 590 904 638 DAEORVM.

224 656 318 708 malam,
330 655 434 708 dicentes,
448 653 614 715 Crucifigatur!
751 659 783 700 38
795 654 866 702 Tunc
877 655 1036 717 crucifiguntur
1043 671 1093 702 cum
1102 673 1130 703 eo
1138 657 1179 703 dut

227 719 231 722 ’
256 723 287 764 ‘lt
305 718 390 769 Videns
406 725 480 764 autem
498 717 583 764 Pilatus
598 718 687 764 senihil
719 717 816 765 latrones
822 736 829 775 ς
847 735 904 765 unus
922 720 950 765 nd
965 721 1072 775 dextram,
1090 729 1112 766 et
1128 721 1180 768 alter

225 782 336 844 proficere,
349 783 387 828 sed
403 783 509 843 majorem
525 782 645 828 tumultum
660 781 687 827 tl-
719 783 748 829 ad
758 783 875 828 sinistram.

225 847 261 900 eri,
279 844 369 906 acceptia
385 844 447 906 aqui,
464 845 532 891 abluit
550 861 629 892 manus
648 861 687 892 co·
751 851 784 894 59
801 846 847 900 Qui
859 843 912 892 verri
922 846 1068 907 praeteribant
1084 849 1181 895 convici·

133 929 137 938 =
224 926 271 956 ram
282 909 352 964 turbat,
364 910 445 963 dicens,
459 907 568 955 Innoxius
583 925 626 971 ego
638 925 687 955 sum
720 910 818 964 abeatur,
828 919 946 957 moventes
958 911 1029 972 capita
1039 927 1085 966 sua,

130 3635 136 3642 .
223 3653 264 3701 m·

225 975 354 1036 asanguine
366 975 431 1036 hujus
437 974 509 1035 justi:
529 989 571 1020 vos
582 974 687 1020 videritis.
751 978 784 1019 40
801 974 833 1020 Et
854 975 958 1029 dicentes,
981 974 1018 1020 Tu
1034 976 1072 1036 qui
1088 975 1182 1024 destruas

256 1041 287 1084 25
305 1038 337 1084 Et
347 1039 483 1098 respondens
491 1037 607 1084 universus
615 1053 686 1100 popu·
719 1038 832 1098 templum,
843 1045 867 1084 et
877 1039 950 1084 triduo
961 1037 1067 1094 aedificas,
1075 1055 1140 1086 serva
1148 1049 1178 1088 te

224 1101 258 1147 lus
269 1103 330 1156 dixit,
348 1102 445 1164 Sanguis
461 1103 508 1165 ejus
525 1117 591 1164 super
607 1119 648 1148 nos
664 1109 687 1148 ct
718 1103 849 1163 metipsum:
869 1103 887 1148 si
900 1101 970 1148 Filius
981 1102 1027 1149 Dei
1042 1119 1072 1158 es,
1090 1104 1172 1151 descen-

224 1181 289 1228 super
300 1166 357 1212 filios
368 1173 463 1212 nostros.
719 1166 765 1211 dito
776 1182 789 1212 e
799 1182 872 1212 cruce.

257 1234 288 1276 26
305 1230 372 1277 Tunc
391 1231 473 1276 dimisit
491 1229 523 1276 eis
542 1229 683 1276 Barabbam:
751 1233 780 1275 41
801 1231 906 1276 Similiter
916 1237 990 1276 autem
1004 1231 1070 1277 etiam
1086 1232 1176 1293 primati

224 1291 303 1342 Jesum
314 1301 388 1340 autem
404 1308 473 1354 quum
489 1291 628 1355 flagelliaset,
641 1301 686 1340 tra·
721 1293 845 1340 sacerdotes
862 1295 979 1341 illudentes
997 1309 1049 1340 cum
1066 1297 1142 1343 scribis
1159 1306 1182 1344 et

224 1357 279 1404 didit
289 1364 314 1403 ut
325 1357 498 1418 crucifigeretur.
720 1359 848 1412 senioribus,
860 1359 967 1414 dicebant,

257 1424 287 1468 27
305 1421 396 1482 {Tunc
408 1421 487 1466 milites
498 1421 609 1481 praesidis,
618 1437 687 1482 quum
752 1427 784 1466 42
806 1423 871 1468 Alios
893 1424 995 1478 servavit,
1018 1423 1114 1484 seipsum
1136 1439 1183 1471 non

181 1513 182 1518 =
224 1485 366 1532 abduxissent
376 1483 454 1530 Jesum
466 1485 489 1530 in
500 1486 640 1545 praetorium,
648 1501 687 1532 co·
719 1493 793 1546 potest
812 1502 915 1534 servare:
937 1487 956 1534 si
976 1502 1015 1533 rex
1034 1485 1123 1533 Israelis
1141 1495 1182 1542 est,

223 1551 319 1611 egerunt
329 1549 357 1595 ad
367 1563 418 1594 eum
429 1549 555 1594 universam
566 1551 687 1596 cohortem.
720 1550 838 1597 descendat
854 1566 913 1597 nunc
924 1567 937 1598 e
948 1567 1019 1606 cruce,
1031 1557 1054 1597 et
1068 1551 1183 1598 credemus

256 1617 287 1658 28
304 1613 337 1658 Et
353 1627 421 1673 quum
438 1613 551 1659 exuissent
567 1629 625 1667 eum,
644 1615 686 1659 cir·
719 1615 747 1659 ci.

224 1684 396 1738 cumposuerunt
414 1677 434 1723 ei
454 1677 592 1737 chlamydem
614 1680 688 1725 cocci·
752 1681 785 1723 43
802 1677 900 1726 Confidit
911 1679 934 1724 in
947 1678 1014 1735 Deo3
1031 1686 1094 1725 eruat
1110 1679 1183 1740 ipsum

225 1757 303 1787 neam:
721 1757 786 1795 nunc,
796 1743 814 1788 si
825 1743 897 1804 placet
908 1744 942 1789 ei:
962 1743 1017 1788 dixit
1033 1744 1099 1799 enim,
1112 1743 1183 1790 Filius

256 1810 287 1852 29
304 1805 337 1851 Et
345 1819 450 1850 coronam
460 1820 472 1851 e
481 1804 550 1865 spinis
561 1813 688 1854 contextam
723 1805 767 1851 Dei
779 1821 835 1852 sum.

224 1876 377 1932 imposuerunt
398 1871 445 1931 ejus
464 1870 535 1930 capiti,
559 1877 581 1916 et
598 1871 686 1916 arundi·
753 1873 785 1915 44
802 1868 901 1932 idipsum
913 1877 987 1916 autem
1000 1871 1066 1917 etiam
1077 1871 1182 1927 latrones,

225 1949 276 1979 nem
292 1934 315 1978 in
332 1935 432 1980 dextram
449 1935 511 1994 ejus:
530 1941 553 1980 et
563 1950 624 1995 genu
636 1943 687 1980 ante
719 1935 756 1993 qui
768 1935 865 1980 crucifixi
877 1942 941 1982 erant
950 1949 1001 1981 cum
1017 1951 1050 1990 eo,
1062 1937 1182 1998 euprobra·

223 2013 274 2043 eum
292 1997 415 2051 summisso,
432 1998 552 2044 illudebant
566 1999 593 2052 ci,
610 1998 685 2044 dicen·
718 1997 771 2043 bant
782 1999 809 2044 ei.

224 2073 263 2114 tes,
276 2061 334 2114 Ave,
346 2076 387 2106 rex
397 2060 541 2107 Judaeorum.
750 2065 782 2108 45
799 2062 847 2123 {A
859 2060 922 2110 sexti
932 2069 1006 2110 autem
1017 2059 1071 2109 horai
1080 2065 1182 2120 tenebras

255 2129 288 2170 50
304 2125 335 2170 Et
355 2140 422 2184 quum
438 2124 573 2184 inspuissent
589 2125 612 2170 in
627 2141 685 2181 eum,
717 2123 789 2173 iactae
795 2133 848 2172 suut
856 2129 1052 2188 superuuiversam
1060 2129 1181 2189 regionem,

223 2195 328 2248 ceperunt
339 2189 468 2234 arundinem
477 2189 543 2243 illam,
553 2196 575 2235 et
582 2190 684 2236 verbera·
717 2205 787 2250 usque
798 2191 825 2236 ad
834 2192 911 2237 horam
922 2207 1011 2237 nonam

223 2253 415 2314 barricaputejus.
681 2295 682 2298 ,
749 2258 781 2300 46
799 2253 1180 2302 OErciterverdhoramnonamex·

254 2320 284 2362 31
303 2317 458 2377 Etpostquanr
467 2316 586 2364 illusissent
594 2317 620 2372 ci,
629 2333 684 2364 exu-
717 2317 820 2365 clarnavit
838 2317 906 2366 Jesus
922 2335 978 2365 voce
994 2315 1082 2380 magni,
1099 2321 1181 2375 dicens,

223 2387 288 2427 errmt
309 2397 360 2426 eum
381 2381 504 2442 chlamyde,
524 2381 686 2443 indueruntquc
718 2381 763 2436 Eli,
778 2382 823 2436 Eli,
840 2383 898 2430 lama
914 2383 1068 2430 sabachthani!
1086 2385 1129 2429 hoc
1140 2393 1181 2437 cst,

223 2446 433 2491 vestimentissuis:
452 2446 684 2492 etabduxerunteurn
718 2445 784 2492 Deus
792 2447 829 2501 mi,
838 2446 947 2501 Deusmi,
957 2447 1117 2494 curdeseruisti
1127 2449 1180 2494 me?
1237 2475 1241 2479 -

223 2516 248 2554 ut
258 2509 428 2570 crucifigerent:
739 2513 780 2569 747
799 2511 896 2565 Quidam
913 2518 988 2557 autem
1005 2512 1050 2557 illle
1067 2513 1180 2566 stantium,

254 2577 286 2618 52
309 2573 424 2618 Exeuntes
453 2579 528 2618 autem
552 2572 687 2620 invenerunt
718 2588 786 2634 quum
797 2577 839 2622 loc
849 2576 969 2630 audissent,
986 2575 1092 2630 dicebant,
1106 2576 1179 2623 Ellam

222 2636 331 2696 quendam
344 2633 492 2695 Cyrenaeum,
509 2637 599 2682 nomine
611 2638 685 2684 Simo·
718 2646 784 2684 vocat
795 2640 843 2686 iste.

224 2714 288 2754 nem3
298 2700 356 2744 hunc
363 2700 534 2760 angariaverunt
542 2707 567 2746 ut
575 2701 686 2748 attolleret
749 2707 781 2748 48
798 2703 831 2749 Et
847 2703 921 2750 statim
938 2718 1029 2750 currens
1045 2703 1133 2764 quidam
1153 2719 1181 2750 cx

223 2777 310 2808 crucem
319 2763 372 2822 eius.
717 2765 755 2820 eis,
767 2782 836 2828 quum
847 2775 960 2828 acceptam
971 2769 1087 2829 spongiam
1101 2769 1179 2828 imple·

254 2830 286 2870 33
303 2829 318 2885 Ὶ
329 2825 360 2871 Et
371 2841 438 2884 quum
452 2825 562 2873 venissent
577 2827 684 2874 inlocum
717 2830 786 2876 visset
796 2837 865 2885 aceto,
877 2837 900 2878 et
910 2832 1104 2894 circumposuisset
1120 2831 1178 2879 cala·

223 2890 258 2950 qui
270 2889 350 2934 dicitur
362 2890 478 2950 Golgotha
494 2891 565 2952 (quod
580 2899 615 2936 est
631 2891 683 2940 Cal·
717 2907 760 2947 mo,
772 2895 833 2940 dedit
842 2895 862 2941 ei
875 2905 899 2941 ut
909 2897 999 2942 biberet

223 2955 295 3000 variae
305 2951 387 3012 locus),
747 2962 779 3005 49
796 2958 886 3018 Reliqui
897 2957 1066 3014 verddicebant,
1077 2960 1136 3012 Sine,
1145 2960 1180 3006 vi·

253 3021 287 3064 54
304 3017 449 3064 Dederuntei
464 3025 550 3064 acetum
567 3019 684 3066 bibendum
717 3021 807 3068 deamus
827 3038 855 3070 an
875 3024 949 3070 veniat
967 3022 1030 3070 Elias
1053 3031 1181 3070 seruaturus

223 3097 273 3128 curn
284 3081 335 3128 felle
346 3082 451 3128 mistum:
471 3090 494 3128 et
509 3094 578 3143 quum
594 3081 683 3146 gustis«
716 3101 775 3131 eum.
1102 3095 1105 3098 '

223 3154 262 3199 set,
275 3147 345 3192 noluit
355 3147 435 3193 bibere.
748 3153 780 3196 50
795 3148 863 3197 Jesus
874 3158 947 3198 autem
957 3167 1025 3212 quum
1035 3167 1122 3197 rursum
1133 3151 1180 3198 cla·

254 3213 286 3256 55
305 3209 426 3270 Postquam
438 3217 511 3256 autem
528 3209 684 3258 crucifixerunt
715 3210 798 3260 misset
809 3231 864 3260 voce
875 3213 963 3276 magni,
976 3216 1049 3262 emisit
1060 3215 1168 3276 spiritum.

224 3289 280 3328 eum,
287 3275 360 3334 partiti
372 3283 423 3320 sunt
431 3277 478 3336 ejus
486 3275 624 3330 vestimenta,
634 3291 682 3320 sor·
748 3281 776 3324 51
797 3277 835 3332 Et,
847 3294 905 3330 ecce,
918 3280 992 3326 velum
1009 3279 1085 3340 templi
1100 3277 1178 3326 fissum

224 3343 267 3384 tem
284 3339 392 3398 Jacientes
404 3354 411 3394 ς
429 3348 454 3382 ut
475 3337 603 3398 impleretur
624 3339 683 3399 quod
715 3341 782 3386 estin
793 3342 938 3402 duaspartes
950 3359 964 3390 a
974 3358 1061 3389 summo
1073 3358 1143 3404 usqne
1153 3343 1179 3390 ad

222 3401 305 3447 dictum
324 3409 358 3448 est
377 3417 390 3448 a
405 3399 518 3462 propheti,
536 3401 614 3448 Partiti
632 3411 684 3449 sunt
715 3403 800 3461 imum3
817 3412 840 3451 et
858 3413 918 3453 terra
933 3414 995 3454 mota
1009 3414 1050 3462 est,
1067 3415 1090 3454 et
1104 3415 1178 3470 petru

100 3489 105 3498 ·
159 3517 165 3529 p
223 3464 261 3511 sibi
270 3465 401 3511 vestimenta
411 3479 466 3516 mea„
483 3471 506 3510 et
523 3481 588 3526 uper
599 3473 684 3512 vestem
715 3467 858 3516 iissaesuntt
1109 3487 1114 3492 ·

224 3542 294 3574 meam
303 3530 403 3590 jecerunt
414 3537 504 3574 sortem.
748 3537 780 3579 52
796 3532 829 3579 Et
839 3542 984 3581 monumenta
995 3544 1070 3596 aperta
1078 3542 1145 3590 sunt;
1156 3542 1178 3583 et

254 3595 286 3637 36
303 3591 334 3636 Et
343 3593 449 3647 sedentes,
462 3593 578 3639 servabant
594 3609 645 3639 eum
656 3594 683 3640 il·
716 3596 786 3644 multa
793 3613 887 3658 corpora
895 3606 1028 3654 sanctorum,
1036 3600 1073 3660 qui
1082 3600 1178 3646 dormie-

246 3687 264 3700 ..
717 3669 773 3713 rant,
785 3671 945 3718 surrexerunt;

253 3719 285 3762 δ’
306 3716 337 3762 Et
359 3719 510 3778 imposuerunt
532 3735 598 3781 super
618 3727 685 3781 caput
748 3726 781 3770 53
798 3724 844 3778 Qui
855 3727 1121 3788 egressiemonumentis
1129 3734 1178 3788 post

219 3779 272 3836 ejus
290 3782 373 3826 crimen
395 3782 463 3842 ipsius
476 3783 597 3890 gspriptum,
620 3781 684 3832 HIC
717 3789 899 3835 resurrectionem
921 3792 973 3852 ejus¹
1001 3791 1135 3838 introierunt
1156 3793 1178 3838 ia
