2720 4312
555 389 663 439 PAULI
684 387 853 438 EPISTOLA

225 499 294 548 luistis
314 508 338 546 et
357 497 458 553 Domini,
481 505 569 560 recepto
587 513 690 546 sennone
723 495 776 552 Dei,
787 495 826 544 sed
837 497 903 544 etism
919 504 1007 546 nostres
1021 499 1121 562 ipsorum
1138 503 1185 550 sui·

224 579 274 612 cum
293 564 412 610 efflictione
433 561 509 618 multi,
532 578 583 610 cum
604 564 687 624 gaudio
722 559 1082 622 mmquddchsrinobisessetis.

224 629 319 691 spiritns
330 628 421 674 Sancti:
755 632 770 674 9
787 625 924 674 Meministis
934 628 1001 682 enim,
1012 628 1098 684 iratres,
1106 629 1187 677 utone

256 697 270 740 7
287 689 352 738 sideri
364 699 388 737 ut
399 690 483 737 fueritis
494 691 629 752 exemplaris
638 705 689 736 om·
721 691 791 736 nostri
800 706 826 736 ac
834 706 965 738 serumuse:
979 700 1045 739 nocte
1052 693 1189 741 enimsedts

224 756 435 804 uibuscrodcntihus
447 756 469 802 in
481 753 650 802 htacedooitet
665 756 688 802 in
721 755 840 815 operando,
860 771 889 800 ue
902 771 969 816 quem
989 758 1088 803 vestrilm
1105 772 1188 819 grav&

224 818 315 868 Achate
722 833 803 873 remus,
815 820 989 880 praedicavimus
999 821 1058 883 apud
1068 837 1109 869 vos
1117 837 1180 869 eran·

256 890 270 930 8
288 885 310 930 Α
327 884 387 930 uobis
404 883 463 929 enirn
483 898 528 929 non
548 879 621 930 solum
636 899 688 944 per·
721 883 805 944 gelium
815 882 868 929 Dei.

223 950 297 996 sonuit
309 963 382 996 sermo
392 947 486 994 Domini
495 948 517 994 in
525 945 690 996 Macedonitet
756 950 786 993 10
803 947 853 994 Vos
864 955 932 994 testes
943 951 995 995 estis
1006 956 1029 995 et
1040 948 1112 1004 Deus,
1129 965 1184 1011 quo·

226 1012 316 1066 Achati,
334 1010 412 1060 verbm
427 1013 494 1059 etism
510 1012 534 1059 iu
550 1027 640 1058 omnem
653 1012 688 1058 lo·
721 1011 788 1056 modo
800 1008 876 1057 sanct&
887 1019 910 1058 et
916 1008 978 1074 juste
988 1020 1012 1059 et
1022 1010 1139 1076 inculputd,
1146 1029 1182 1061 vo·

224 1093 274 1126 cum
285 1077 431 1132 fides-vestro,
446 1091 502 1137 quse
512 1083 548 1124 est
562 1077 585 1122 in
604 1075 689 1130 Deum,
721 1075 761 1124 tis
772 1075 810 1134 qui
821 1077 917 1129 creditis,
926 1092 966 1122 uos
977 1079 1118 1138 gesserimus.

226 1141 350 1195 dimanavit,
362 1149 387 1187 ut
400 1156 491 1188 necesse
506 1156 552 1187 nou
571 1140 690 1188 babeamus
756 1143 783 1185 11
803 1139 866 1186 Sicut
884 1139 953 1187 mistis
971 1142 1083 1202 quomodo
1105 1157 1187 1188 unum·

225 1207 340 1268 quicquam
352 1206 421 1266 loqu.
721 1217 832 1263 quemque
840 1205 947 1258 vestrum,
965 1213 1069 1266 tanquam
1085 1213 1147 1267 peter
1160 1205 1188 1252 li·

257 1271 397 1330 9Siquidem
415 1269 456 1330 ipsi
474 1269 502 1316 de
519 1269 583 1316 nobis
600 1284 689 1315 mrnun-
722 1268 786 1314 beros
797 1283 857 1323 suos,
871 1269 1010 1316 hortabamur
1021 1277 1044 1316 et
1059 1270 1185 1318 consolabe-

225 1336 283 1382 cieut
301 1335 387 1394 qualem
405 1337 532 1395 ingressum
551 1334 691 1380 habuerimus
722 1345 787 1388 mur;

225 1400 251 1446 ul
262 1415 309 1452 vos,
321 1405 344 1444 et
354 1397 465 1458 quomodo
481 1397 635 1443 converteritis
649 1413 692 1443 vos
735 1403 739 1408 '
757 1399 787 1441 12
804 1395 837 1442 Et
848 1397 1010 1443 obtestabamur
1021 1405 1046 1444 ut
1057 1398 1188 1445 incederetis

224 1464 251 1510 sd
263 1460 347 1518 Deum,
360 1463 441 1508 relictis
452 1462 523 1516 idolis,
540 1469 565 1508 ut
579 1461 691 1508 serviretis
723 1459 879 1522 sicutdiguum
888 1468 928 1516 est,
942 1461 994 1507 Deo
1006 1471 1100 1508 vocante
1111 1478 1152 1509 vos
1160 1469 1188 1510 sd

224 1525 277 1574 Deo
289 1527 340 1572 vivo
351 1533 374 1572 et
386 1541 439 1572 veru
451 1541 457 1572 t
722 1539 788 1571 suum
800 1540 894 1586 mgnum
905 1541 931 1572 sc
942 1525 1043 1586 gloriam.

258 1594 287 1636 10
304 1589 336 1637 Et
346 1588 503 1651 exspectaretis
514 1587 596 1635 lilium
613 1590 662 1650 ejus
678 1604 692 1636 s
757 1592 787 1636 13
799 1589 995 1650 Proptereoetism
1004 1591 1177 1654 nosgmtiussg'i

224 1654 297 1705 coelis,
324 1669 391 1714 quem
413 1653 528 1700 suscitavit
549 1669 562 1700 s
589 1654 689 1707 mortuis,
722 1667 773 1700 mus
790 1651 844 1700 Deo
861 1653 1017 1709 indesinenter,
1034 1653 1094 1715 qudd
1109 1671 1204 1717 accep,

224 1734 303 1778 nempe
310 1717 389 1767 Jesum
401 1733 443 1765 uos
453 1725 568 1766 eruentem
579 1719 607 1766 sb
614 1715 691 1764 irriilld
724 1724 771 1764 mm
782 1717 810 1764 ds
821 1717 875 1764 Deo
886 1734 1011 1765 sennonem
1022 1735 1088 1780 quern
1097 1720 1190 1767 audistis

224 1780 325 1830 venturi.
722 1795 752 1827 ex
762 1781 832 1837 uobis,
843 1784 981 1844 exceperitis,
995 1799 1042 1829 ooo
1058 1792 1085 1830 ut
1102 1799 1188 1831 sermo·

723 1860 774 1892 nem
785 1847 908 1902 hominum,
925 1847 965 1893 sed
982 1848 1052 1910 (sicut
1068 1855 1104 1895 est
1121 1844 1188 1908 vere)

390 1910 465 1961 cnP.
489 1908 523 1958 11.
722 1917 749 1956 st
760 1908 807 1956 Dei
818 1926 952 1966 sennonem,
968 1913 1006 1972 qui
1018 1915 1084 1958 marn
1101 1913 1148 1975 ugit
1164 1914 1188 1960 iu

225 1976 341 2094 ΝΛΜ
351 1977 391 2038 ipsi
407 1975 483 2032 mistis
498 1975 584 2030 fratres,
601 1975 689 2036 ingres·
722 1975 785 2020 vobis
793 1975 830 2035 qui
841 1975 937 2021 creditis.

302 2057 352 2088 sum
364 2048 464 2087 nostrum
475 2041 503 2087 ud
516 2056 555 2087 vos
567 2055 612 2087 non
621 2041 689 2086 fuisse
756 2041 791 2083 14.
803 2038 853 2086 Vos
871 2039 938 2095 enim,
960 2039 1045 2094 iratres,
1067 2040 1190 2087 imitatores

225 2119 322 2152 venum:
721 2101 773 2149 isoti
784 2103 838 2149 estis
848 2103 990 2150 ecclesiarum
1002 2103 1047 2150 Dei
1064 2119 1120 2166 quse
1136 2119 1190 2152 sunt

257 2173 272 2214 2
290 2165 339 2214 lmri
350 2167 416 2215 etism
428 2168 500 2214 multo
512 2165 574 2230 pribs
585 2169 649 2229 passi,
666 2175 690 2216 et
721 2167 744 2212 in
753 2165 838 2214 Judsei
846 2168 868 2213 in
880 2166 970 2214 Christo
977 2167 1046 2225 Jesu;
1063 2170 1143 2231 quippe
1151 2172 1189 2230 qui

224 2233 363 2280 contumeliis
369 2232 441 2292 effecti
450 2231 564 2294 Philippis,
573 2233 629 2279 sicut
637 2232 688 2278 mis·
721 2231 798 2277 endem
806 2232 864 2293 pessi
876 2231 923 2278 sitis
933 2241 957 2278 ct
964 2248 1004 2279 uos
1011 2229 1025 2278 d
1033 2234 1126 2295 propriis
1132 2249 1188 2280 con-

225 2298 259 2352 tis,
278 2297 378 2345 therme
396 2298 500 2358 loquendi
519 2298 553 2344 usi
571 2311 648 2344 sumus
665 2299 688 2343 in
722 2296 842 2350 tribulibus,
855 2297 912 2343 sicut
922 2305 944 2343 et
956 2297 1015 2357 ipsae
1026 2311 1039 2342 a
1049 2296 1140 2346 Judseis
1148 2314 1156 2354 ς

225 2361 279 2409 Deo
290 2371 374 2416 nostro,
391 2363 419 2409 sd
435 2362 613 2408 annunciandum
632 2362 691 2423 apud
757 2363 786 2406 15
804 2359 850 2414 Qui
861 2361 927 2406 etism
940 2361 1065 2407 Dominum
1076 2360 1155 2409 lesum
1166 2370 1188 2410 et

224 2441 266 2472 vos
276 2427 415 2489 evangelium
429 2427 474 2472 Dei
491 2441 542 2474 cum
553 2426 625 2473 multo
641 2442 690 2472 cer·
722 2423 823 2487 proprios
833 2425 952 2486 prophetes
962 2425 1097 2479 occiderunt,
1113 2433 1136 2471 et
1147 2441 1189 2472 nos

225 2491 313 2537 tamine.
722 2498 862 2550 exegerunt;
885 2504 957 2548 neque
976 2487 1029 2534 Deo
1048 2490 1142 2552 placent,
1165 2498 1187 2537 et

256 2559 273 2600 5
290 2553 423 2600 Exhortatio
434 2554 494 2600 enim
505 2561 581 2601 nostru
592 2569 637 2602 non
648 2553 691 2601 fuit
723 2553 960 2600 omnibushominibus
971 2553 1130 2610 adversentur5

225 2633 253 2666 ex
271 2618 399 2679 impostura,
417 2633 489 2678 neque
507 2633 537 2664 ex
557 2618 690 2681 impuritate,
757 2619 787 2663 16
804 2615 950 2663 Prohibentes
961 2633 1002 2663 nos
1012 2618 1116 2678 gentihus
1127 2617 1187 2679 loqui

225 2682 437 2741 usquecumdoior
723 2687 748 2726 ut
767 2688 890 2735 serventur,
913 2688 938 2727 ut
957 2696 1044 2742 semper
1061 2682 1189 2743 compleant

257 2750 273 2789 4
290 2745 335 2790 Sed
346 2746 402 2790 sicut
410 2743 532 2805 placuimus
544 2743 596 2790 Deo
607 2746 690 2806 petbus
722 2752 812 2806 peccate
823 2760 879 2791 sus:
898 2746 1016 2805 occupavit
1026 2746 1087 2791 enim
1097 2761 1137 2792 eos
1156 2747 1189 2793 irs

225 2809 351 2855 crederetur
361 2807 509 2868 evangelium,
526 2809 556 2853 itu
571 2809 689 2871 loquimur,
722 2809 750 2854 ad
760 2816 886 2854 extremum
897 2824 973 2870 usque.

225 2887 270 2919 non
282 2878 307 2919 ut
317 2871 568 2933 hominibusplscentes,
580 2873 618 2920 sed
630 2872 688 2928 Deo,
756 2867 785 2919 17
803 2872 855 2919 Nos
866 2870 926 2928 veni,
937 2872 1023 2928 iratres,
1040 2873 1110 2920 orbsti
1125 2875 1190 2922 vobo

225 2937 261 2998 qui
273 2938 378 2998 approbat
389 2937 550 2983 cordanostrs.
722 2937 750 2982 sd
769 2938 875 2998 temporis
893 2950 1038 2990 momentum,
1060 2947 1189 2998 conspectu,

257 3005 272 3048 5
290 3001 340 3048 Nec
351 3002 411 3048 enim
422 3016 519 3062 uuquam
536 3015 638 3048 sermone
653 3017 689 3048 ss·
721 3016 767 3046 non
778 2998 1057 3055 mimoedvehementids
1064 3003 1189 3048 studuimus

225 3067 348 3113 tentatoris
366 3067 400 3112 usi
419 3081 503 3120 sumus,
526 3066 584 3112 sicut
602 3063 689 3122 mistis3
722 3064 798 3111 videre
818 3064 897 3112 sociem
919 3072 1023 3121 vestrano,
1044 3081 1096 3112 cum
1118 3066 1189 3113 multo

226 3145 266 3177 nec
278 3132 381 3177 avaritiae
392 3127 458 3177 causi
468 3131 585 3191 quicquam
602 3131 689 3192 praete:
721 3129 837 3175 desiderio.

227 3196 331 3251 xuimus;
349 3194 415 3241 Deus
427 3195 489 3240 testis
500 3202 548 3240 est.-
757 3196 786 3238 18
804 3190 859 3238 Ideo
877 3191 990 3240 voluimus
1004 3193 1081 3240 ven're
1101 3195 1128 3240 sd
1147 3209 1189 3241 ros

258 3263 274 3305 6
291 3259 373 3319 Neque
383 3273 411 3304 ex
422 3258 547 3304 hominibus
558 3265 690 3319 quaerentes
724 3257 780 3319 (ego
790 3251 880 3318 quiddm
892 3254 989 3316 Paulus)
998 3255 1066 3304 semel
1073 3259 1187 3318 utqueitc·

226 3323 327 3384 gloriam,
347 3339 388 3369 nec
405 3318 419 3368 d
437 3322 507 3376 vobis,
524 3337 566 3368 neo
587 3323 619 3384 sb¹
636 3322 690 3376 eliis,
723 3335 779 3374 rum.
791 3321 831 3368 sed
839 3319 953 3382 impedivit
961 3336 1003 3370 nos
1015 3321 1116 3368 Sstsues.

226 3401 293 3447 quum
304 3401 420 3448 possemus
430 3387 491 3433 vohis
510 3386 572 3432 onen'
591 3401 645 3440 esse,
666 3393 691 3432 ut
758 3389 788 3432 19
805 3385 865 3431 Nam
877 3399 933 3445 quse
943 3391 978 3430 est
989 3393 1065 3431 nostre
1076 3399 1133 3446 spes,
1150 3391 1189 3434 sn

225 3451 317 3512 spostoli
330 3447 421 3498 Christi.
723 3449 836 3510 gaudium,
848 3456 886 3494 aut
897 3463 980 3494 corone
990 3449 1018 3494 de
1028 3446 1073 3508 quis
1087 3447 1190 3510 glorior?

258 3517 272 3562 7
291 3515 335 3561 Sed
345 3514 427 3560 fuimus
435 3513 514 3576 placidi
525 3513 547 3559 in
557 3513 630 3559 medio
638 3529 689 3559 ves·
723 3527 798 3559 annon
815 3519 838 3558 et
853 3528 895 3558 vos
912 3512 934 3558 in
954 3519 1075 3574 conspectu
1094 3511 1188 3560 Domini

225 3578 260 3631 trt,
271 3586 294 3625 et
304 3586 329 3626 ut
343 3579 361 3625 sl
373 3579 449 3625 nutrix
466 3578 541 3626 foveat
559 3577 639 3624 liberos
653 3593 690 3623 su·
724 3577 794 3623 nostri
805 3576 861 3624 Jesu
874 3574 957 3624 Christi
969 3577 993 3623 in
1008 3577 1057 3638 ejus
1072 3574 1187 3624 sdvemu’

227 3655 263 3688 os:
757 3645 789 3686 20
805 3640 855 3686 Vos
865 3641 924 3688 euim
935 3643 988 3686 estis
999 3641 1070 3702 glorie
1081 3650 1156 3688 nostre
1166 3641 1188 3682 ei

259 3710 273 3748 8
291 3701 327 3748 lrs
337 3706 409 3765 cupidi
426 3705 500 3758 vesei,
515 3706 633 3752 svehsmus
647 3705 690 3750 im·
724 3705 836 3766 goudium.

255 3767 300 3812 rtiri
313 3767 382 3818 vohis,
396 3781 448 3812 *oon
462 3765 534 3814 schim
550 3769 690 3830 evangelium

428 3829 475 3878 280
