2756 4320
591 419 756 476 JOANNES,
778 419 809 468 V.

257 533 288 578 51
307 528 360 577 lloe
376 545 458 584 mrsus,
475 529 548 576 idest
565 528 686 574 secundum
715 527 804 588 tempto,
821 533 844 573 et
855 527 910 574 dixit
919 528 946 583 ei,
967 527 1035 584 Fece.
1052 543 1118 576 sanus
1130 526 1164 576 lac

228 608 314 706 agrpurp
330 592 573 705 ldidstcillli'aniuum
590 592 686 638 venisset
716 597 802 700 pupeese
822 605 928 700 npppptca
938 590 1038 655 amplids,
1055 600 1080 640 ut
1096 595 1170 656 nequit

227 659 384 704 axuaeain
441 657 448 702 i
519 689 525 702 .
731 665 859 700 enusttr
909 689 915 700 .

719 711 721 716 ’
751 719 780 762 15
797 717 859 763 Abiit
875 719 942 764 homo
958 711 1001 772 ilie,
1023 727 1045 766 et
1064 720 1173 766 nunciavit

397 779 470 832 CAP.
485 781 515 829 V.
716 779 807 828 Judaeis
826 781 904 829 Jesum
924 798 973 829 esse
992 799 1005 830 a
1023 799 1067 844 quo
1087 793 1173 832 sanatur

281 844 685 900 OSTirsecerati'estumJudaeonrm,
716 844 794 890 luerat.

306 920 329 958 et
347 912 445 958 ascendit
464 910 531 959 Jesus
551 909 685 972 Hierosoly·
752 912 781 954 16
798 908 834 954 Ac
855 917 971 970 propterea
991 910 1174 970 persequebantur

227 989 291 1022 nam.
716 967 795 1019 Judaei
806 971 892 1025 Jesum,
907 980 929 1018 et
940 974 1056 1019 studebant
1065 989 1116 1020 eum
1128 982 1174 1020 tru-

258 1037 326 1086 anst
334 1046 407 1086 autem
420 1037 584 1100 Hierosolymis
595 1037 622 1084 ad
630 1052 686 1098 por·-
717 1035 795 1088 cidare,
812 1034 871 1096 qudd
882 1037 924 1082 ista
933 1037 1022 1082 fecisset
1032 1038 1127 1084 sabbato.

226 1110 273 1150 tom
285 1105 407 1166 pecuariam
419 1103 507 1164 piscina,
518 1117 574 1164 quae
583 1103 685 1148 nomina-
751 1102 779 1146 17
790 1097 858 1147 Jesus
868 1109 941 1146 autem
953 1100 1064 1161 respondit
1075 1101 1112 1154 eis,
1130 1099 1174 1148 Pa·

228 1179 262 1213 tur
274 1167 385 1214 Hebraice
396 1165 513 1222 Bethesda,
527 1166 623 1228 quinque
633 1181 685 1227 por-
716 1169 751 1208 ter
767 1178 836 1233 meus¹
846 1179 915 1226 usque
933 1165 1004 1210 adbuc
1025 1173 1132 1226 speratur,
1153 1173 1175 1213 et

231 1231 282 1276 ‚icus
295 1232 383 1277 babens
715 1241 759 1288 ego
772 1243 857 1288 operor.

258 1297 274 1340 3
291 1293 318 1340 ln
333 1295 367 1341 iris
379 1295 466 1358 jacebat
476 1292 594 1340 multitudo
605 1307 687 1354 magna
751 1294 779 1336 18
790 1289 910 1351 Propterea
918 1307 973 1352 ergo
981 1291 1052 1352 magis
1061 1292 1175 1342 studebant

227 1365 373 1418 aegrotorum,
400 1373 523 1411 caecorum,
550 1357 685 1411 claudonsm,
715 1367 767 1401 cum
776 1353 854 1402 ‚ludaei
866 1355 980 1407 trucidare,
992 1357 1094 1415 quianon
1104 1353 1175 1403 soliim

226 1421 343 1476 aridorum,
361 1422 534 1484 exspectantium
550 1435 619 1480 aquae
635 1435 684 1466 mo·
716 1418 818 1478 solvisset
829 1419 948 1472 sabbatum,
960 1419 999 1465 sed
1009 1427 1032 1464 et
1042 1419 1116 1464 Deum
1125 1420 1175 1465 dix·

227 1495 281 1530 tum.
715 1480 769 1528 isset
783 1490 868 1542 patrem
885 1497 956 1537 suum,
973 1483 1085 1544 aequalem
1102 1499 1126 1530 se
1141 1483 1175 1530 la·

260 1551 272 1592 1
285 1546 387 1608 Angelus
398 1550 456 1594 enim
468 1547 612 1594 descendebat
624 1555 685 1593 certo
715 1546 776 1592 ciens
788 1544 848 1592 Deo.

226 1621 339 1657 momento
360 1612 383 1657 in
405 1612 517 1673 piscinam,
543 1618 565 1657 et
587 1603 686 1658 turbabat
749 1609 1065 1672 i9ResponditergoJesus,
1081 1620 1105 1656 et
1120 1611 1175 1658 dixit

225 1689 320 1734 aquamt
339 1675 412 1736 itaque
422 1675 459 1736 qui
474 1675 557 1736 primus
572 1675 685 1737 ingressus
714 1671 753 1728 εἰς,
774 1673 855 1728 Arnen,
877 1689 949 1728 amen,
971 1675 1020 1720 dico
1039 1675 1107 1729 vobis,
1129 1691 1174 1722 uon

226 1746 273 1784 erat
291 1746 341 1800 post
359 1755 429 1801 aquae
447 1739 599 1792 turbationem,
619 1753 685 1784 sanus
715 1743 788 1799 potest
801 1736 894 1784 Filiusa
908 1739 1025 1799 semetipso
1043 1739 1133 1799 operari,
1150 1741 1175 1786 id

224 1801 290 1848 tiebat
306 1819 320 1850 a
335 1819 467 1864 quocunque
480 1803 613 1850 detineretur
623 1817 684 1848 mor·
715 1808 746 1847 est
763 1800 805 1846 nisi
822 1801 901 1848 viderit
920 1800 1009 1847 Patrem
1029 1811 1173 1863 operantem:

226 1867 261 1912 bo.
714 1879 858 1926 quaecunque
865 1865 924 1912 enim
931 1865 969 1912 iile
977 1865 1035 1920 iacit,
1048 1867 1101 1912 haee
1109 1867 1175 1912 etiam

258 1933 274 1978 ⁵
285 1931 342 1977 Erat
353 1938 426 1976 autem
437 1931 525 1991 quidam
541 1930 584 1976 illic
601 1929 684 1976 tricesi·
716 1927 786 1976 Filius
797 1929 877 1990 pariter
888 1929 946 1976 iacit

226 2009 286 2040 nrum
294 2003 396 2040 octavum
404 2009 486 2040 annum
492 2009 561 2054 agens
570 1995 591 2038 in
600 1995 684 2039 morbo.
748 1996 780 2038 20
787 1991 854 2038 Pater
861 1993 921 2039 enim
930 1999 988 2040 amat
996 1991 1084 2046 Filium,
1093 2001 1116 2039 et
1124 2009 1174 2039 om·

257 2063 273 2104 6
290 2057 360 2104 Hunc
376 2073 444 2118 quum
460 2058 550 2103 vidisset
568 2055 635 2105 Jesus
648 2058 684 2118 ja·
715 2055 756 2102 nia'
768 2063 877 2103 monstrat
895 2057 915 2102 ei
932 2072 988 2117 quae
1003 2057 1050 2118 ipse
1066 2057 1133 2104 lacit:
1153 2067 1176 2105 et

226 2129 318 2174 centem,
329 2128 352 2167 et
360 2120 502 2182 cognovisset
513 2135 563 2166 eum
570 2123 617 2182 Jam
626 2122 684 2166 mui-
715 2135 783 2180 opera
798 2120 845 2166 istis
861 2123 944 2183 majora
960 2121 1090 2167 monstrabit
1105 2123 1132 2176 ei,
1149 2132 1174 2168 ut

225 2193 273 2230 tum
282 2185 387 2245 temporis
395 2184 467 2245 egisse
475 2185 500 2230 in
507 2186 589 2239 morbo,
598 2185 650 2230 dicit
656 2185 683 2239 ei,
715 2199 756 2230 vos
767 2183 882 2230 miremini.

227 2246 297 2308 Cupis
308 2263 374 2294 sanus
384 2247 451 2294 fieri?
747 2250 776 2294 at
791 2247 921 2295 sicutenim
934 2247 1001 2293 Pater
1012 2248 1103 2294 suscitat
1112 2264 1174 2294 mor·

258 2311 440 2373 tResponditet
451 2320 555 2374 aegrotus
571 2311 613 2366 iiie,
631 2309 683 2357 Do·
715 2317 766 2357 tuos
784 2319 806 2358 et
825 2308 927 2366 viviticat,
944 2312 974 2358 ita
992 2309 1016 2358 et
1033 2309 1102 2359 Filius
1119 2328 1175 2373 quoa

224 2375 295 2430 mine.
308 2392 353 2422 non
369 2377 438 2423 habeo
454 2377 498 2437 qui,
515 2389 583 2437 quum
599 2377 685 2423 turbata
716 2375 764 2423 vult
774 2374 877 2422 viviticat.
1014 2431 1016 2434 Ι

225 2439 291 2486 luerit
299 2455 361 2504 aquas
373 2441 476 2487 immittat
487 2441 556 2486 mein
567 2441 683 2501 piscinam:
747 2442 778 2484 22
790 2439 840 2486 Nec
851 2439 910 2484 enim
928 2437 995 2484 Pater
1007 2438 1093 2501 judicat
1103 2455 1174 2500 quen·

141 2531 143 2534 -
225 2504 361 2550 sedinten'm
373 2505 425 2551 dum
434 2520 477 2567 ego
486 2505 557 2560 venio,
569 2504 624 2550 alius
632 2511 684 2550 ante
715 2517 788 2562 quarn,
821 2503 860 2550 sod
887 2518 953 2549 onane
979 2503 1088 2565 judicium
1116 2504 1176 2550 dedit

225 2568 390 2614 tne'descendit.
715 2564 788 2613 Filio:

257 2634 272 2676 8
291 2630 355 2676 Dicit
375 2631 395 2676 ei
416 2629 490 2685 Jesus,
510 2629 589 2692 Surge,
608 2629 684 2676 attolle
747 2627 1175 2692 ‘25Utomnesbonorentiiiium,pmut

224 2695 352 2756 grabbatum
364 2701 433 2747 tuum,
450 2701 473 2738 et
483 2693 576 2740 ambula.
714 2693 825 2741 honorant
842 2693 947 2741 Patrem:
966 2693 1002 2753 qui
1019 2709 1065 2740 non
1082 2695 1175 2742 honorat

257 2762 272 2804 9
283 2755 315 2802 Et
326 2757 399 2802 statim
411 2771 476 2802 sanna
487 2756 558 2802 factus
569 2761 603 2802 est
615 2756 683 2803 bomo
716 2755 805 2813 lilium,
822 2771 866 2804 non
884 2759 978 2804 honorat
989 2757 1086 2812 Patrem,
1103 2759 1175 2820 utqui

224 2820 274 2866 ille:
293 2827 315 2865 et
327 2819 414 2865 sustulit
427 2821 555 2881 grabbatum
572 2834 643 2873 suum,
660 2827 684 2867 et
714 2821 798 2867 miserit
808 2837 866 2867 eum.

224 2883 361 2930 ambulabata
380 2891 427 2929 erat
437 2889 511 2930 autem
522 2881 635 2930 sabbatum
648 2885 683 2932 die
747 2888 778 2929 24
797 2884 879 2939 Amen,
896 2899 967 2940 amen,
985 2884 1034 2930 dico
1051 2885 1121 2939 vobis,
1137 2887 1174 2946 qui

224 2947 268 2994 illo.
681 2957 683 2960 '
714 2962 839 2994 sermonem
857 2964 931 2995 meum
947 2949 1013 3002 audit,
1031 2955 1053 2994 et
1069 2949 1138 2994 credit
1154 2953 1175 2996 ei
1211 2965 1216 2972 ·

257 3016 288 3058 10
297 3011 377 3060 Judaet
388 3027 443 3072 ergo
454 3010 553 3056 dicebant
564 3011 583 3056 ei
594 3009 631 3070 qui
643 3027 682 3056 eu·
713 3013 750 3070 qui
767 3013 827 3057 misit
840 3028 883 3066 me,
900 3013 965 3058 habet
976 3013 1044 3058 vitam
1055 3020 1176 3070 aeternam,

224 3084 283 3122 ratus
294 3075 371 3130 luerat,
390 3075 507 3122 Sabisatum
518 3080 559 3130 est,
576 3075 683 3122 nonlicet
713 3076 766 3121 etin
774 3073 978 3136 condemnationem
987 3077 1124 3123 nonveniet:
1138 3079 1176 3126 sed

224 3142 260 3184 nii
272 3139 373 3186 attollere
382 3139 519 3201 grabbatum.
714 3140 815 3186 transivit
825 3155 839 3186 a
850 3148 921 3185 morte
931 3140 953 3184 in
965 3140 1040 3186 vitam.

259 3207 281 3248 tl
297 3203 423 3263 Respondit
433 3203 471 3255 eis,
489 3201 536 3257 Qui
556 3205 684 3248 mesanum
746 3203 866 3257 estimes,
876 3219 948 3259 amen,
956 3203 1006 3248 dico
1014 3202 1082 3258 vobis,
1090 3205 1174 3252 adven·

223 3265 280 3320 licit,
291 3269 311 3314 is
322 3267 375 3312 mihi
387 3267 448 3320 dixit,
458 3265 544 3312 Attolle
553 3267 683 3328 grabbatum
712 3271 745 3312 tat
756 3272 849 3328 tempus,
860 3273 883 3312 et
893 3282 952 3312 nune
963 3273 1003 3320 est,
1015 3281 1085 3327 quum
1094 3269 1175 3315 mortui

222 3338 292 3384 tuum,
309 3337 332 3376 et
340 3329 434 3376 ambula.
713 3330 803 3376 audient
813 3345 891 3376 vocem
903 3329 954 3376 iiiii
966 3329 1029 3388 Dei;
1047 3339 1070 3378 et
1081 3332 1118 3393 qui
1134 3348 1175 3378 aa·

256 3397 286 3439 12
314 3391 513 3454 interrogaverunt
542 3405 593 3436 eum
620 3407 682 3454 ergo,
713 3393 799 3446 dierint,
819 3394 902 3440 vivent.

222 3455 281 3510 Quis
299 3457 336 3503 ille
355 3464 389 3502 est
408 3457 445 3516 qui
461 3455 517 3500 dixit
535 3455 581 3508 tibi,
597 3454 683 3502 Attolle
745 3461 777 3504 26
789 3457 851 3503 Sicut
859 3457 918 3503 enim
928 3456 995 3504 Pater
1001 3457 1068 3505 babet
1076 3459 1144 3506 vitam
1153 3461 1175 3505 in

221 3521 349 3582 grabbatum
363 3527 432 3573 tuum,
449 3525 471 3565 et
482 3517 588 3564 ambulat
648 3571 651 3578 Ι
713 3535 791 3581 serpso,
804 3521 834 3566 sic
845 3521 904 3566 dedit
915 3528 938 3566 et
950 3520 1008 3568 liiiio
1020 3523 1099 3568 habere
1108 3523 1175 3569 vitam

255 3588 284 3628 ta
302 3582 326 3629 Is
348 3591 421 3628 autem
442 3583 479 3643 qui
501 3589 590 3628 sanatus
610 3580 682 3628 luerat
714 3583 736 3629 in
748 3585 826 3644 seipso.

221 3648 330 3694 seniebat
355 3647 404 3706 quis
428 3652 502 3692 esset:
531 3645 599 3694 lesus
622 3659 681 3691 enirn
746 3649 776 3694 27
788 3641 985 3696 Etauctoritatem
998 3649 1018 3695 ei
1035 3649 1094 3694 dedit
1110 3649 1174 3696 etiam

221 3718 339 3758 caesenate
348 3707 530 3768 turbdquaaerat
541 3709 563 3755 in
574 3708 612 3754 illo
623 3708 681 3756 ioco.
709 3711 815 3774 judicium
835 3715 960 3768 exercendi,
976 3720 1085 3774 quatenus
1105 3711 1183 3784 Filius¹

254 3776 285 3818 14
305 3771 388 3819 Postea
406 3773 491 3878 inlgit
508 3787 560 3818 eum
576 3771 682 3820 Jesusia
714 3774 861 3823 hominium
955 3842 958 3848 Ι
