2720 4312
432 415 849 476 JOANN1SAP001LYPSIS,
872 419 956 466 XVII.

225 541 289 590 reges
299 534 370 575 terrae
380 534 403 575 et
418 531 485 576 totius
499 529 582 584 mundi,
594 535 618 575 ut
629 543 684 576 ron·
717 527 771 574 bens
787 525 894 602 poculum
907 541 998 572 aureum
1014 526 1038 572 in
1054 542 1121 574 manu
1137 525 1174 574 sul

280 599 367 660 enteps
378 593 406 639 ad
416 593 521 655 praelium
533 593 612 654 magui
629 593 686 638 illius
718 591 807 668 plenum
824 589 1020 638 abominationibus
1030 598 1053 637 et
1064 591 1180 638 immundi

239 656 266 700 iel
277 649 348 701 Dei
334 657 499 718 omnipotentis.
718 652 748 700 tii
760 654 898 700 scortationis
909 669 975 700 suaet

258 719 288 765 15
305 718 373 772 Ecce,
395 720 461 766 uenio
482 726 507 765 ut
525 718 576 765 i'ur.
603 719 687 766 Beatus
753 721 768 764 5
785 717 836 764 Et
830 733 853 763 ιη
869 716 943 764 fronte
958 714 999 763 sui
1013 732 1096 765 nomen
1113 733 1180 780 scup-

224 782 687 850 quitigilateteustoditvestimentnsua,
720 789 775 836 tum,
787 781 929 842 Mysterium‚
946 780 1049 842 Babylon
1065 782 1103 828 illa
1117 797 1181 844 mag·

225 859 252 894 ne
269 846 341 892 nudus
358 847 460 902 ambulet,
477 853 499 893 et
517 838 651 893 rideantur
645 862 687 908 pu·
721 861 755 900 na,
767 853 838 891 mater
848 845 885 891 illa
896 846 1054 892 scortationum
1066 852 1088 892 et
1098 845 1170 893 abomi
1257 881 1259 885 >

224 909 310 956 denda
305 909 380 1020 ιὲἑιιιι.
721 909 834 954 nationum
846 917 924 955 terrae.

258 975 288 1019 16
342 973 459 1034 ngregavit
476 973 554 1052 igitur
561 987 600 1020 eoa
614 974 637 1019 in
653 973 687 1019 lo·
753 972 818 1018 6111
833 973 878 1018 vidi
896 972 1011 1018 mulierem
1027 972 1086 1018 illam
1101 972 1182 1022 ebriam

224 1050 283 1091 earn,
294 1037 331 1097 qui
343 1046 435 1084 vocatur
443 1032 554 1084 liebrarce
562 1037 688 1098 Armaged
721 1050 830 1097 sanguine
838 1042 971 1090 sanatorum
978 1043 1000 1082 et
1008 1051 1116 1098 sauguine
1124 1050 1178 1084 mar·
1193 1035 1208 1052 ⁸

225 1098 277 1148 Ιιιι.
722 1106 797 1159 tyrum
814 1098 885 1157 Jesu3
902 1107 926 1146 et
940 1099 1032 1146 miratus
1048 1114 1183 1178 sumquuan

259 1165 289 1210 17
305 1161 366 1210 Turn
381 1165 487 1240 septimus
504 1164 597 1226 angelus
613 1163 689 1210 eil‘udit
722 1163 819 1210 viderem
829 1135 896 1217 iliani,
907 1163 1052 1210 admiratione
1061 1179 1151 1225 magua.

225 1225 319 1291 patum
335 1243 397 1274 suam
415 1231 438 1274 in
457 1229 550 1284 a'e'rem;
569 1235 592 1275 et
609 1229 690 1290 prodiit
753 1226 851 1274 'tTunn
862 1227 917 1273 dunt
927 1227 981 1273 mrbr
996 1227 1095 1288 angelus,
1108 1227 1184 1281 Quare

226 1305 271 1338 τοι
285 1305 308 1336 ιη
355 1292 484 1353 setemplo
499 1262 555 1340 coeli
571 1307 585 1338 a
600 1294 688 1346 throno,
722 1290 829 1336 miraris?
845 1307 889 1352 ego
908 1290 979 1336 dicam
997 1290 1034 1337 tibi
1053 1292 1184 1351 mysterium

225 1353 305 1408 disens
339 1355 377 1401 uit.
721 1355 824 1408 mulieris,
836 1363 858 1400 et
869 1354 951 1400 bestrae
966 1367 1024 1414 quae
1039 1361 1112 1416 portat
1127 1369 1183 1410 esur,

259 1421 288 1464 18
305 1416 412 1479 Factique
428 1425 480 1464 sunt
499 1419 590 1473 sonitus,
606 1425 629 1465 et
644 1419 688 1464 iul-
721 1432 777 1478 quae
795 1419 861 1465 habet
878 1419 950 1479 capita
968 1427 1052 1480 septem
1068 1423 1090 1464 et
1101 1433 1183 1466 cornus

225 1496 287 1542 guin,
297 1488 321 1529 et
332 1483 443 1538 tonitrua;
460 1482 688 1529 etterraemotusiac-
719 1479 803 1527 decenn

227 1553 262 1592 tus
272 1552 307 1591 est
317 1560 419 1606 magnus.
430 1546 501 1604 qualis
512 1559 624 1606 nunquam
639 1546 687 1600 init,
752 1547 767 1590 8
784 1544 861 1591 Bestia
871 1560 938 1605 quam
955 1545 1033 1597 vidisti,
1045 1545 1094 1599 fuit,
1105 1552 1127 1591 et
1138 1542 1183 1592 irou

224 1623 253 1656 ιιι
263 1624 308 1670 quo
318 1608 419 1654 homines
429 1609 591 1689 iueruutsuper
599 1617 687 1664 terram
719 1614 770 1664 est;
787 1615 810 1655 et
820 1623 972 1657 ascensura
974 1610 1116 1670 .,⁴urabysso
1128 1616 1151 1654 et
1162 1625 1183 1656 ιιι

225 1673 399 1726 terraemotus,
388 1687 490 1732 taquam
502 1669 557 1719 adeo
568 1688 670 1734 maguus
721 1672 812 1718 exitium
830 1673 931 1720 abitura·
957 1679 980 1718 et
996 1673 1154 1718 mirabuntur'
1148 1688 1184 1718 ιη-

259 1739 289 1783 19
305 1735 338 1782 Et
348 1736 436 1797 dirupta
451 1743 485 1782 est
498 1738 550 1782 urbs
560 1737 597 1783 itu
607 1752 689 1798 magna
720 1735 782 1782 colae
792 1743 863 1784 terrae
876 1737 980 1797 (quorum
998 1735 1089 1782 uomina
1104 1736 1186 1798 scripta

225 1797 303 1846 intres
313 1807 393 1860 partos,
402 1806 425 1846 et
431 1799 530 1846 civitates
538 1801 639 1862 gentium
651 1817 688 1846 ee·
721 1815 767 1845 non
778 1807 829 1846 sunt
840 1800 862 1846 in
874 1800 928 1846 libro
940 1800 998 1846 vitae
1011 1814 1024 1845 ι
1035 1800 1097 1860 jacto
1108 1801 1185 1848 mundi

225 1863 331 1917 atderunt,
343 1870 366 1909 et
377 1862 478 1924 Babylon
488 1863 525 1909 itu
536 1879 617 1926 magna
627 1864 689 1910 venit
720 1861 876 1922 fundamento)
894 1864 994 1910 videntes
1015 1863 1107 1910 bestisun
1128 1878 1185 1926 quae

225 1927 249 1974 in
259 1927 387 1972 mernoriam
404 1927 426 1972 1η
441 1925 488 1972 Dei
501 1933 651 1988 conspectum,
663 1935 689 1974 ut
720 1933 773 1980 erat,
784 1933 808 1972 et
816 1942 861 1972 non
872 1934 912 1982 est,
924 1933 1030 1973 ettamen
1042 1933 1083 1974 est.

225 1991 338 2066 praeberet
359 1991 378 2036 ei
401 1990 504 2052 poculum
530 1991 688 2052 indignationis
753 1989 1183 2051 9Hicestmensquaebabetsapien·

225 2069 270 2100 rrae
280 2069 339 2100 suae
720 2052 780 2101 tiam.
814 2054 903 2116 Septem
915 2056 987 2115 capita
1001 2062 1086 2116 septem
1097 2063 1185 2101 montes

258 2121 290 2164 20
306 2116 338 2162 Et
348 2117 421 2162 omnis
432 2117 504 2164 insula
513 2116 577 2180 fugit,
589 2123 612 2164 et
622 2133 687 2164 mon·
720 2124 779 2171 sunt,
791 2133 856 2178 super
866 2134 922 2179 quos
933 2118 1011 2165 mulier
1022 2117 1090 2164 sedet.

134 2171 136 2182 ’
225 2191 258 2228 tes
269 2196 315 2226 nou
326 2187 378 2226 sunt
389 2181 479 2228 mveutr
754 2183 784 2226 10
801 2181 833 2227 Et
841 2197 905 2242 reges
914 2189 999 2242 septem
1007 2187 1073 2227 suut·
1087 2179 1184 2242 quinque

257 2248 286 2290 21
305 2243 338 2291 Et
348 2244 434 2306 grando
445 2260 532 2306 magna,
544 2260 605 2306 quasr
598 2244 687 2292 talen·
720 2243 852 2300 ceciderunt,
865 2261 921 2292 unus
932 2252 972 2300 est,
983 2253 1005 2292 et
1016 2245 1071 2292 aliua
1084 2245 1183 2291 nondum

225 2309 242 2355 tl
258 2308 339 2370 pondo,
351 2308 486 2355 descendite
496 2309 581 2355 coelo
575 2323 598 2355 ιη
614 2310 687 2356 homi·
721 2307 797 2364 venit,
814 2316 837 2354 et
847 2322 914 2370 quum
926 2309 1018 2363 venerit,
1027 2315 1114 2370 oportet
1122 2308 1183 2354 illum

226 2387 281 2429 oes;
298 2379 321 2418 et
331 2368 510 2433 blasphemiarum
521 2371 598 2418 Deum
614 2373 687 2420 bomi-
720 2371 787 2418 breve
798 2379 885 2433 tempus
896 2388 992 2418 manere.

226 2451 264 2482 nes
275 2442 365 2496 propter
382 2435 470 2497 plagam
484 2436 614 2497 grandinis,
631 2451 687 2497 quo·
755 2438 781 2480 11
801 2434 878 2482 Bestia
888 2442 961 2484 autem
973 2451 1029 2496 quae
1040 2442 1092 2489 erat,
1104 2442 1127 2480 et
1138 2450 1183 2481 non

225 2499 284 2545 niam
305 2513 388 2562 magna
408 2498 450 2545 luit
469 2501 518 2562 ejus
535 2499 601 2562 plaga
619 2502 687 2546 vene·
720 2498 779 2553 est,
772 2513 791 2544 rs
808 2507 900 2546 octavus
915 2508 956 2553 est,
972 2507 995 2546 et
1011 2515 1024 2545 e
1041 2507 1124 2560 septem
1142 2499 1183 2545 ilus

226 2569 318 2608 menter.
721 2569 760 2616 est,
772 2563 828 2608 etin
838 2564 930 2610 exitium
941 2563 992 2610 abit.

306 2629 308 2637 ⁴
755 2629 784 2671 12
801 2625 888 2673 Decem
899 2633 973 2673 autem
985 2641 1068 2672 cornua
1065 2641 1138 2702 quae
1150 2625 1172 2671 vi

368 2688 441 2738 cnl’.
464 2689 549 2736 XVII.
721 2688 777 2742 disti,
791 2690 867 2734 decem
884 2705 948 2752 reges
966 2697 1023 2743 sunt,
1034 2690 1072 2751 qui
1089 2704 1183 2750 regnum

287 2751 339 2798 Ulli
351 2755 477 2798 venitunus
485 2767 514 2798 ex
525 2760 608 2814 septem
618 2769 662 2814 an
663 2759 693 2800 e-
720 2752 818 2798 nondum
837 2760 974 2830 acceperunt,
995 2754 1033 2800 sed
1051 2759 1182 2829 potestatem

304 2815 331 2861 lis
342 2829 379 2876 qur
373 2815 497 2862 'habebant
505 2824 589 2878 septem
598 2817 687 2876 phialas,
720 2823 824 2876 tanquam
832 2831 896 2879 reges
904 2814 948 2862 und
957 2814 1124 2896 hordeacipient
1132 2831 1182 2862 curn

225 2887 248 2927 et
257 2879 362 2940 loquutus
377 2886 411 2926 est
425 2893 519 2934 meeum,
536 2880 611 2927 dicens
627 2881 687 2936 mibi,
719 2877 796 2925 bestisi.

160 2943 165 2962 ³
226 2941 293 2991 Heus
304 2950 334 2998 tu,
346 2943 460 2990 ostendam
472 2943 510 2990 tibi
526 2944 688 2992 damnationem
755 2947 785 2989 13
801 2943 834 2989 Hi
846 2959 914 2990 unum
931 2944 1047 2990 consilium
1063 2943 1150 2997 habent,
1161 2949 1184 2989 et

226 3007 347 3054 meretricis
357 3007 415 3054 ι11ιιιι
430 3021 531 3070 magnae,
543 3009 639 3055 sedentis
650 3025 688 3056 su·
721 3006 778 3053 vires
789 3023 815 3054 ac
826 3015 956 3070 potestatem
968 3023 1030 3056 suam
1046 3007 1128 3054 bestiae
1139 3015 1183 3054 tra·

226 3087 265 3134 per
275 3085 342 3130 aquas
353 3071 452 3118 multas:
720 3070 780 3118 dent.

151 3135 154 3144 '
258 3139 274 3181 ‘1
291 3133 350 3182 Cum
360 3149 405 3196 qua
414 3134 503 3181 scortati
512 3143 564 3182 sunt
572 3141 688 3197 regester
754 3138 785 3180 14
801 3133 834 3180 Hi
854 3149 904 3180 eum
922 3134 991 3196 Agno
1007 3134 1144 3209 pugnabunt,
1162 3143 1183 3181 st

226 3199 376 3259 metr-,ujus
387 3198 525 3246 scortationis
534 3213 587 3245 vino
595 3200 688 3246 inebria
721 3195 803 3259 Agnus
819 3198 893 3245 vincet
908 3213 960 3245 eos:
980 3199 1084 3258 quoniam
1102 3196 1185 3243 Domi·

226 3263 306 3308 tisunt
316 3261 402 3308 incolae
412 3269 490 3308 terrae.
721 3277 763 3307 nus
778 3261 918 3308 dominorum
934 3268 974 3315 est,
985 3269 1008 3308 et
1021 3261 1074 3306 Rex
1090 3275 1184 3322 regum,

256 3329 274 3372 ὅ
290 3325 412 3386 Quumque
421 3339 459 3371 nte
466 3341 505 3386 per
511 3325 624 3386 spiritum
618 3341 640 3372 ιη
649 3326 684 3372 de·
720 3331 743 3370 et
759 3325 796 3384 qui
813 3341 864 3371 curn
880 3341 907 3371 eo
923 3333 975 3370 sunt
991 3324 1071 3380 vocati,
1081 3330 1105 3369 et
1115 3323 1185 3378 alenti,

227 3397 311 3436 sertum
333 3389 486 3444 transtulisset,
508 3389 553 3436 ridi
574 3389 688 3436 mulierem
720 3387 835 3434 etiideles.

227 3451 356 3500 insidentem
363 3452 552 3498 bestiaecoeeinae
552 3453 688 3514 ,plenaeuo
756 3453 785 3498 15
802 3451 891 3497 Deinde
902 3452 956 3497 dixit
969 3451 1029 3504 milri,
1041 3449 1121 3511 lquse
1131 3463 1185 3512 quat

229 3516 321 3562 minibus
342 3515 494 3578 blasphemiae,
513 3516 600 3562 babenti
619 3520 690 3578 capita
722 3514 801 3568 vidisti,
825 3515 860 3560 ubi
888 3515 993 3560 meretrix
1014 3513 1083 3567 sedet,
1110 3515 1184 3579 populi

227 3588 319 3640 septem,
330 3585 353 3626 et
363 3595 447 3626 cornua
457 3580 549 3626 deoemr
722 3585 780 3630 suut,
792 3584 814 3624 et
825 3579 906 3631 turbae,
917 3584 940 3624 et
951 3585 1037 3639 gentes,
1045 3584 1069 3623 et
1079 3577 1174 3639 liuguae

258 3646 275 3687 4
291 3641 349 3689 Erat
367 3650 441 3690 autem
459 3643 538 3690 mulier
555 3643 593 3690 illa
610 3643 690 3690 amicta
757 3645 786 3688 16
802 3641 835 3687 Et
845 3641 920 3686 decem
937 3656 1033 3695 cornus,
1040 3655 1098 3701 quae
1113 3641 1185 3688 vidisti

259 3701 325 3766 rpurd
334 3711 358 3751 et
368 3720 443 3759 cocco,
454 3713 477 3754 et
488 3707 587 3753 inaurata
602 3721 656 3752 auro
667 3715 690 3753 et
722 3704 744 3750 in
756 3701 830 3758 bestii,
842 3705 864 3750 1ιί
875 3704 926 3749 odio
939 3711 1100 3766 prosequentur
1114 3719 1183 3750 mere·

262 3767 332 3814 idibus
349 3769 450 3829 pretiosis
450 3774 498 3869 ²th
502 3769 633 3832 margaritis,
649 3771 689 3815 ha·
722 3769 805 3818 tricem,
817 3775 839 3812 et
855 3768 964 3814 desertam
981 3767 1073 3814 reddent
1089 3767 1148 3814 illam
1164 3778 1184 3813 et
