2734 4314
522 423 675 484 MARCUS,
699 426 744 474 lx.

160 547 223 587 mem,
235 537 315 588 moene,
327 532 410 593 Neque
426 534 451 578 in
470 532 548 578 vicum
565 529 626 576 illum
818 529 892 581 CAP.
913 531 960 581 IX.

160 597 281 658 ngreditur,
293 613 365 658 neque
375 599 434 644 boec
445 596 625 656 dicitocuiquam
711 593 900 644 RAETEREA
917 598 973 646 dixit
989 597 1028 654 eis,
1046 600 1119 646 riuum.

161 675 179 706 n
190 661 245 706 rico.
743 659 792 706 dico
808 661 877 716 vobis,
889 669 942 708 sunt
952 662 1041 724 quidum
1051 660 1080 710 ex
1095 665 1120 710 iu

188 727 217 772 27
234 726 252 784 1
260 724 374 786 Egressus
386 730 421 770 est
432 729 509 770 sutem
521 721 589 770 Jesus
599 737 625 768 uc
656 722 693 783 qui
705 723 741 769 hie
752 723 845 780 sdstsnt,
862 726 899 785 qui
917 741 1054 788 nequaquam
1065 743 1118 788 gus-

158 788 254 849 discipuli
265 789 344 850 ejusin
353 789 416 834 vicos
427 785 625 864 Caesarmepuae
656 787 734 833 tabunt
755 795 856 842 mortem,
879 791 1002 850 usquedum
1026 791 1119 837 viderint

158 853 331 912 cognominatur
342 851 454 913 Philippi:
474 858 497 897 et
508 851 532 898 in
542 852 579 896 vis
589 851 624 896 in·
656 866 751 912 regnum
763 847 809 898 Dei
820 853 908 899 venlsse
918 868 969 900 cum
983 852 1088 916 potentii.

158 916 279 978 terrogavit
290 915 410 977 discipulos
421 930 481 969 suos,
494 915 569 961 dicens
585 914 623 969 eis,
689 915 819 977 Msexto
838 913 892 963 verb
909 915 960 978 prist
976 919 1011 964 die
1029 919 1119 965 sssuudt

159 979 285 1033 Quemnam
296 996 345 1026 esse
356 994 393 1026 me
404 977 614 1028 dicunthomincs?
656 976 724 1025 Jesus
736 978 836 1034 Petrum,
851 987 874 1026 et
890 979 1005 1035 Jscobum.
1017 989 1040 1028 et
1050 981 1115 1031 Jounr

189 1047 219 1089 28
237 1041 274 1089 llli
293 1040 347 1090 verd
364 1043 534 1104 responderunt,
553 1041 624 1090 Joan·
656 1058 715 1096 nem,
727 1049 750 1088 et
761 1043 862 1089 subducit
872 1059 911 1090 eos
924 1045 947 1090 in
959 1052 1057 1091 montem
1069 1048 1114 1094 sub

159 1123 208 1154 nem
230 1107 373 1168 Baptistam3
393 1115 417 1153 et
435 1106 472 1152 alii
490 1106 571 1162 Elimn,
589 1105 625 1153 ulii
657 1106 732 1152 limem
744 1107 836 1152 seorsim
848 1107 925 1164 solos3
941 1115 964 1154 et
979 1109 1118 1157 umssonns-

159 1167 211 1217 vert
222 1187 292 1217 unum
304 1187 332 1217 ex
342 1171 464 1232 prophetis.
657 1178 694 1216 tus
704 1169 747 1215 suit
757 1185 832 1216 coram
843 1170 881 1216 eis.

190 1239 221 1282 29
237 1235 303 1281 Tunc
314 1235 361 1296 ipse
372 1235 428 1280 dixit
436 1235 475 1288 eis,
485 1233 535 1280 Vos
544 1241 624 1289 nutem,
689 1237 707 1279 5
723 1233 756 1280 Et
775 1235 907 1282 vestimenta
927 1235 975 1298 ejus
993 1235 1051 1284 facts
1072 1247 1121 1285 suut

159 1314 222 1360 quem
242 1315 279 1345 me
298 1300 369 1346 dicitis
386 1298 454 1345 esse?
477 1298 626 1358 Respondens
657 1298 802 1352 coruscantis,
824 1299 917 1346 candide
943 1299 1007 1346 valde
1031 1308 1056 1347 ut
1076 1302 1121 1357 nix.

160 1361 211 1408 rerb
224 1363 304 1409 Petrus
316 1363 368 1410 dicit
378 1364 406 1418 ei,
416 1363 453 1408 Tu
465 1362 534 1410 esille
547 1359 625 1410 Chris-
657 1361 731 1472 qluslia
746 1377 791 1410 non
808 1371 881 1426 potest
898 1363 952 1410 lullo
968 1364 992 1410 in
1008 1361 1067 1413 terri
1082 1367 1121 1414 de·

160 1439 200 1473 tus.
678 1427 737 1472 bore.

189 1496 222 1538 50
238 1491 304 1538 Tunc
315 1491 471 1538 interminatus
482 1497 523 1545 est,
535 1498 560 1536 ut
571 1491 624 1536 nulli
690 1493 706 1534 4
723 1490 755 1536 Et
762 1491 865 1538 visusest
873 1491 905 1538 eis
915 1491 977 1539 Elias
985 1507 1036 1539 curn
1046 1491 1121 1547 Mose.

160 1557 184 1602 r'd
194 1556 292 1602 dicerent
302 1555 330 1601 de
341 1571 372 1602 se.
657 1554 694 1616 qui
705 1555 887 1615 colloquebantur
898 1572 949 1602 cum
960 1555 1024 1604 Jesu.

189 1622 219 1665 51
238 1619 406 1680 Eteoepitens
423 1619 510 1672 docere,
522 1613 582 1678 qudd
597 1635 624 1664 o·
689 1618 787 1665 5Tunc
809 1620 945 1681 respondens
968 1619 1049 1668 Petrus
1070 1621 1121 1670 dicit
1188 1671 1193 1678 ,

159 1690 256 1744 porteret
273 1682 355 1729 lilium
372 1684 470 1730 hominis
487 1683 556 1728 mults
572 1682 623 1744 pati,
657 1679 719 1737 Jesu,
732 1681 810 1738 neubi,
822 1685 904 1730 bonurn
916 1692 951 1730 est
961 1699 1003 1730 nos
1014 1686 1119 1734 hlcesse:

159 1755 181 1796 et
191 1747 302 1808 reprobari
313 1763 326 1794 a
337 1748 466 1802 sessionibus,
478 1753 501 1792 et
516 1747 625 1807 primariis
656 1745 762 1792 faciamus
778 1747 846 1807 igitur
859 1747 999 1795 tubernacrdu
1009 1749 1067 1806 tris;
1084 1750 1121 1796 tibi

159 1812 314 1876 sacerdotibus,
330 1827 356 1857 nc
374 1811 458 1866 seruis,
475 1817 498 1856 et
514 1811 624 1866 trucidari,
656 1824 734 1865 unum,
753 1818 776 1856 et
796 1810 858 1857 Mosi
878 1826 955 1866 uuum,
970 1818 993 1858 et
1012 1811 1077 1859 Elios
1095 1829 1121 1859 u·

159 1887 180 1920 et
192 1877 261 1921 tribus
271 1882 322 1937 post
333 1875 409 1921 diebus
420 1889 544 1936 resurgere.
656 1889 718 1920 num.

190 1943 223 1986 52
239 1939 273 1986 Et
286 1935 363 2000 aperte
381 1955 433 1986 eum
451 1953 575 1985 sermonem
589 1938 624 1984 10-
690 1941 706 1984 6
722 1935 773 1984 Nec
784 1937 843 1984 enirn
855 1937 937 1984 sciebat
952 1937 1006 1998 quid
1021 1938 1122 2000 loqucro·

159 2004 272 2065 quebatur.
299 2002 366 2050 Tunc
374 2004 508 2065 prehensum
517 2018 568 2049 eum
579 2001 624 2049 Pe·
657 2007 710 2059 turr
727 2007 790 2048 erant
801 2002 860 2048 enirn
872 2002 978 2048 exterriti.

160 2074 206 2114 trus
216 2067 290 2128 coepit
300 2068 426 2130 objurgare.
689 2070 704 2114 7
721 2063 755 2114 Et
764 2067 850 2113 exstitit
861 2067 929 2114 nubes
940 2083 997 2128 quae
1010 2067 1122 2116 inumbre-

189 2135 222 2177 55
240 2130 293 2192 lpse
302 2129 357 2179 verb
365 2146 493 2184 conversus,
502 2138 524 2176 et
533 2130 625 2177 intuitus
656 2130 690 2178 rit
699 2146 753 2178 eos:
771 2131 877 2191 venitque
887 2147 933 2178 vox
943 2148 957 2179 e
967 2133 1031 2187 nube,
1040 2133 1122 2190 dicem,

159 2195 277 2257 discipulos
298 2211 364 2250 suoq-
376 2195 502 2259 objurgavit
524 2195 624 2250 Petrum,
658 2193 706 2240 llio
716 2201 752 2241 est
762 2193 832 2242 Fdius
843 2195 880 2242 ille
888 2211 957 2251 meus,
967 2197 1059 2244 dilectus
1070 2197 1119 2245 ille:

160 2259 240 2314 dicens,
253 2258 355 2306 Abscede
371 2275 386 2306 a
401 2275 444 2314 rue,
458 2259 555 2314 Satsns;
573 2274 624 2304 num
657 2259 730 2320 ipsum
741 2259 822 2305 audite.

161 2339 205 2370 non
224 2325 282 2385 sapis
300 2339 356 2384 quse
373 2323 420 2371 Dei
436 2331 496 2377 suot,
514 2323 553 2369 scd
569 2339 625 2384 quoe
690 2327 705 2367 8
722 2321 756 2368 Et
766 2317 864 2382 repenti,
873 2337 942 2382 quurn
953 2323 1122 2385 circumspexis-

160 2396 212 2434 sunt
222 2389 346 2434 hominum.
658 2392 714 2440 sent,
722 2401 767 2431 non
779 2381 873 2446 emplids
881 2386 1122 2448 videruntquenqumn,

190 2456 222 2498 54
244 2451 277 2498 Et
298 2467 366 2512 quum
388 2447 518 2498 adiecisset
538 2451 625 2496 turbam
657 2449 783 2497 nisisolum
794 2447 873 2497 Jcsum
886 2465 968 2496 secum.

160 2531 209 2562 cum
221 2516 334 2578 discipulis
345 2515 396 2569 suis,
409 2515 464 2561 dixit
473 2515 511 2568 eis,
522 2514 625 2567 Quicun·
691 2519 706 2562 9
723 2514 801 2568 Quum
808 2509 862 2560 verb
869 2514 1122 2562 descenderentemon·

160 2595 202 2640 que
211 2581 260 2626 vult
271 2575 331 2642 pond
342 2594 379 2625 me
389 2580 472 2632 venire,
488 2578 573 2624 abdicet
589 2594 625 2624 se-
657 2585 686 2633 te,
698 2579 812 2625 interdixit
822 2578 854 2626 eis
870 2586 895 2625 ut
910 2579 992 2626 nemini
1009 2591 1123 2630 narrarent

160 2645 284 2706 metipsum,
296 2650 319 2690 et
334 2643 397 2690 tollat
413 2657 502 2706 crucem
519 2658 587 2697 suern,
599 2658 625 2689 sc
658 2657 714 2702 quae
732 2643 840 2697 viderent,
860 2644 901 2690 nisi
918 2650 1035 2706 postquam
1053 2643 1123 2694 Filius

161 2716 263 2768 sequatur
276 2723 320 2754 me·
657 2707 752 2754 hominis
764 2723 777 2754 u
787 2707 880 2754 mortuis
892 2711 1054 2756 resurrexisset.

190 2775 222 2818 55
240 2769 625 2832 Quisquisenimvolueritanimum
692 2775 722 2818 10
738 2774 790 2832 Ipsi
799 2772 866 2834 igitur
877 2773 934 2820 hanc
947 2789 995 2821 rem
1005 2774 1122 2821 continue-

160 2851 221 2882 suam
237 2851 334 2890 semme,
349 2836 428 2898 perdet
443 2850 508 2882 eam:
527 2835 626 2896 quisquis
658 2842 710 2882 runt
720 2837 778 2898 apud
794 2853 824 2891 se,
841 2834 919 2884 mutud
929 2845 1060 2898 quaerentes
1071 2839 1124 2899 quid

160 2908 232 2946 autern
240 2899 360 2962 perdiderit
370 2900 466 2946 animem
475 2915 537 2946 susm
549 2897 626 2946 caussis
657 2900 711 2946 illud
721 2907 786 2954 esset,
797 2903 914 2948 amortuis
925 2917 1047 2962 resurgere.

161 2963 208 3010 mei
216 2971 239 3011 et
249 2964 367 3026 evangelii,
378 2964 398 3010 is
409 2963 505 3010 servabit
515 2978 571 3010 eom.
692 2967 718 3011 11
739 2965 772 3011 Et
788 2961 954 3026 interrogirunt
969 2981 1027 3019 eum,
1048 2965 1123 3010 dicen·

191 3033 223 3075 56
241 3028 302 3082 Quid
321 3028 381 3074 enim
399 3026 507 3089 profuerit
524 3027 625 3088 cuipiam,
657 3035 697 3080 tes,
719 3027 768 3076 Cur
782 3029 865 3074 scribae
883 3027 960 3074 dicunt
979 3035 1081 3088 oportere
1099 3034 1124 3076 ut

161 3091 178 3137 si
194 3092 292 3138 lucratus
307 3091 375 3138 firerit
390 3092 497 3138 mundum
513 3098 592 3145 totum,
604 3101 627 3138 et
659 3091 722 3140 Elias
732 3089 793 3151 priris
804 3090 898 3136 veniat?

161 3153 233 3202 animi
245 3153 285 3206 sut
294 3155 434 3202 mulctetur?
694 3158 723 3199 12
741 3151 793 3214 lpse
802 3149 857 3198 versi
868 3152 1003 3212 respondens
1020 3151 1074 3198 dixit
1085 3154 1124 3210 eis,

192 3224 223 3267 57
242 3219 290 3266 Aut
300 3235 366 3280 quem
378 3219 437 3266 dabit
444 3219 551 3280 quispiam
563 3235 626 3266 com·
660 3217 723 3266 Elias
733 3211 829 3278 quidem,
847 3222 964 3277 postquam
980 3214 1041 3277 priris
1055 3232 1123 3265 vene·

162 3284 312 3344 pensationem
323 3284 410 3330 enimse
422 3283 493 3330 suae?
660 3284 694 3337 rit,
707 3280 808 3328 restituet
819 3280 906 3326 omnia:
926 3280 964 3326 scd
982 3289 1006 3327 ut
1018 3281 1122 3342 scripturn

193 3351 225 3392 58
242 3347 303 3394 Nam
310 3363 465 3407 quemcunque
473 3346 576 3408 puduerit
584 3347 627 3392 mei
659 3355 693 3394 est
704 3347 732 3392 de
743 3344 801 3392 Filio
811 3345 914 3398 hominis,
923 3353 1009 3404 oportet
1020 3351 1045 3390 ut
1055 3347 1124 3396 mults

163 3426 187 3456 sc
198 3425 298 3457 meomm
314 3426 443 3458 sermonum
463 3411 485 3456 in
502 3418 570 3471 gente
586 3408 629 3456 sot
659 3410 760 3473 patiatur,
772 3417 795 3456 et
801 3425 842 3470 pro
853 3409 921 3454 nihilo
932 3410 1043 3455 habeatur.

163 3471 259 3521 edulteri
277 3480 301 3522 et
317 3475 446 3536 peccatrice,
462 3473 545 3521 Filium
562 3474 628 3520 etiam
694 3478 724 3520 15
742 3473 787 3520 Sed
797 3474 846 3519 dico
858 3473 926 3526 vobis,
943 3480 967 3518 et
982 3473 1057 3519 Elium
1069 3489 1123 3523 ven·

163 3538 257 3584 bominis
272 3537 363 3600 pudebit
378 3540 432 3600 eJ'us,
444 3538 532 3599 quondo
543 3537 630 3584 venerit
659 3537 709 3592 isse,
721 3544 744 3584 et
755 3539 808 3584 istus
816 3537 836 3582 ei
847 3535 925 3582 fecisse
932 3552 1074 3600 quaecunque
1084 3555 1123 3586 vo-

163 3599 268 3662 inglorid
281 3601 354 3648 Petris
372 3603 405 3648 sni
421 3618 473 3648 curn
489 3601 575 3664 mgelis
585 3601 628 3648 illis
660 3601 756 3653 iuuerunt,
768 3601 825 3646 sicut
836 3600 941 3660 scriptum
952 3609 987 3648 est
997 3602 1024 3648 de
1035 3618 1069 3650 eo.

166 3664 251 3712 nuruis
494 3667 500 3670 ’
694 3667 723 3710 14
741 3663 801 3724 ἳΕῐ
812 3678 880 3725 quum
888 3664 1120 3730 venissetuddiscipu-
