2734 4314
170 729 180 740 ἱ
221 633 515 698 EVANGELIUM
534 633 770 698 SECUNDUM
789 635 1079 699 MATTHAEUM.

529 858 801 886 -β-ᾑ,

185 1086 187 1090 .
342 1043 421 1093 ΟΑΡ.
446 1042 466 1090 1.
670 1058 741 1100 mum,
749 1043 888 1093 Elischinrus
896 1051 969 1094 sutem
980 1047 1132 1108 gnoitae·-

224 1107 309 1158 1133st
316 1110 472 1172 generationis
479 1106 536 1156 Jesu
545 1105 637 1163 Christi,
671 1123 726 1162 rem,

239 1174 278 1221 iiiii
290 1173 396 1228 Dauidis,
409 1172 448 1218 filii
460 1173 604 1219 Abraham·
705 1176 736 1219 14
755 1171 822 1220 Aaor
832 1177 907 1218 autem
922 1172 1001 1233 genuit
1018 1171 1135 1229 Sadocuur.

203 1239 380 1286 tAbrahamus
395 1237 476 1298 genuit
491 1235 600 1290 Isaaeum,
613 1234 638 1282 1-
672 1236 773 1284 Sadocas
799 1243 873 1283 autem
902 1237 981 1299 genuit
1008 1237 1136 1294 Achimum,

170 1314 251 1350 uatus
263 1310 338 1349 sutem
349 1303 430 1364 genuit
440 1301 557 1354 Jacobum,
569 1300 638 1349 Jaco·
672 1299 782 1348 Achimus
792 1309 867 1348 autern
878 1301 957 1363 genuit
968 1301 1080 1356 Eliudem,

171 1366 212 1414 bns
222 1378 295 1414 autem
306 1365 481 1432 geuuittJurlam
492 1373 516 1412 et
526 1365 605 1412 fratres
613 1381 639 1412 e·
705 1367 735 1413 15
759 1365 827 1412 Eliud
845 1374 919 1413 autem
940 1366 1019 1428 genuit
1038 1365 1136 1414 Eleaza-

671 1444 727 1482 rum,
740 1429 865 1476 Eleazarus
881 1440 955 1477 autem
974 1431 1054 1493 genuit
1073 1429 1136 1478 Mat·

203 1498 220 1540 5
237 1493 309 1542 Judas
327 1502 403 1540 autem
422 1494 501 1555 genuit
516 1491 639 1539 I’harasum
671 1495 768 1548 thauem,
786 1494 890 1542 Matthau
909 1505 984 1542 autem
1000 1497 1080 1557 genuit
1095 1495 1136 1544 Ja-

172 1557 469 1612 etZaramume'Iiramari,
480 1557 639 1604 Ptaresusau·
671 1559 776 1612 cobum·

173 1632 217 1668 tem
228 1623 307 1684 genuit
322 1621 453 1678 Esromum,
470 1621 582 1669 Esromus
597 1637 639 1670 au·
706 1626 735 1669 16
750 1621 821 1670 Jacob
832 1630 905 1669 autem
919 1623 998 1684 genuit
1012 1621 1136 1685 Joseptrm

173 1689 307 1748 temgeuuit
319 1688 438 1741 Amnum,
671 1687 743 1732 virum
764 1687 857 1741 Mariae,
879 1701 909 1733 en
931 1686 975 1748 quai
993 1689 1084 1750 genitus
1102 1699 1137 1736 est

142 1791 144 1795 ,
204 1755 220 1797 4
239 1752 337 1798 Aramus
345 1758 420 1798 autem
428 1749 638 1812 genuitAminada·
670 1749 780 1805 JESUS,
792 1751 829 1797 ille
839 1752 877 1811 qui
888 1752 967 1798 dicitur
980 1749 1091 1800 Christus.

173 1815 231 1868 burn,
238 1815 638 1876 AruinadabusautemgenuitNaas·
706 1818 734 1862 17
758 1815 881 1862 Universae
897 1816 965 1877 igitur
981 1817 1138 1877 progeniesab

172 1895 256 1933 sorrern,
264 1877 638 1941 Naassovenigenuitsaimonem,
671 1878 800 1926 Abrahamo
818 1880 930 1939 usquead
947 1878 1067 1932 Davidem,
1084 1895 1136 1940 pro-

204 1947 220 1991 5
243 1944 320 1990 Saluio
335 1941 390 1990 verti
408 1944 488 2005 genuit
504 1942 640 1990 Boozume
670 1944 749 2006 genies
770 1943 952 2004 quatuordecim
974 1949 997 1990 et
1015 1958 1030 1989 a
1049 1942 1137 1991 Dauus

174 2005 285 2062 Rachalni,
297 2007 394 2054 Boozus
404 2017 478 2054 autern
486 2008 565 2070 genuit
577 2007 638 2054 Obe-
671 2008 779 2068 usquead
793 2008 1001 2068 transportationem
1014 2006 1136 2068 Babyloni-

172 2070 345 2120 demeRuthi.
365 2071 453 2119 Obedes
469 2081 543 2119 auteur
560 2073 639 2134 genuit
670 2087 726 2126 caru,
744 2073 862 2134 progenies
879 2071 1061 2132 quatuordocimr
1083 2082 1106 2119 et
1124 2088 1137 2120 a

174 2133 261 2190 Jessen.
670 2137 857 2198 transportatione
873 2134 1012 2196 Babylonica
1026 2151 1095 2196 usque
1109 2137 1136 2182 art

204 2206 220 2248 6
234 2200 300 2249 Jesse
308 2199 363 2246 vero
370 2199 449 2262 genuit
457 2199 569 2248 Davidem
576 2199 637 2246 illurn
673 2199 795 2255 Christum,
806 2201 925 2262 progenies
936 2200 1109 2260 quatuordecim.

173 2279 257 2326 regem,
272 2263 351 2311 David
365 2272 440 2310 autem
455 2279 496 2310 rex
509 2265 547 2310 ille
560 2265 639 2326 genuit
706 2268 735 2310 18
746 2261 890 2325 {Jesuvert
899 2263 983 2312 Christi
993 2265 1095 2310 nativitas
1107 2265 1136 2310 ita

173 2328 319 2376 solomonem
333 2343 363 2374 ex
376 2325 473 2390 siquae
483 2325 567 2392 fitero!
582 2343 640 2374 asor
671 2327 729 2374 fuit:
753 2329 831 2381 Quum
847 2329 906 2374 enim
921 2335 993 2374 mater
1003 2329 1051 2389 ejus
1064 2327 1137 2376 Maria

176 2391 252 2446 Uriae,
669 2393 803 2452 desponsata
818 2399 877 2438 esset
891 2390 998 2452 Josepho,
1009 2393 1136 2452 priusquam

205 2459 220 2504 7
247 2453 421 2503 Solomonveni
446 2456 525 2518 genuit
545 2455 637 2502 Roboa-
669 2455 988 2517 ipsieouvenissentiuventa
1004 2457 1137 2518 estgravida

173 2533 241 2576 mum,
248 2520 379 2568 Roboarnus
385 2527 459 2566 autem
464 2522 543 2582 genunt
549 2520 637 2570 abian.
670 2535 720 2567 esse
732 2535 746 2566 a
758 2520 841 2581 Spiritu
854 2520 944 2566 Sancto.

174 2585 242 2631 Abias
250 2593 325 2631 autem
336 2585 415 2646 genuit
424 2585 501 2638 Asarn,
705 2589 735 2632 19
755 2582 828 2631 Porro
838 2583 950 2646 Joseplrus
958 2583 994 2631 vir
1001 2585 1055 2646 sajus.
1067 2600 1136 2645 quum

164 2675 166 2679 ,
205 2653 219 2694 8
240 2649 373 2696 Asaautem
389 2650 467 2710 genuit
483 2648 637 2709 Josaphnum
670 2649 817 2711 essetjustus‚
829 2657 852 2695 et
863 2649 932 2695 nollet
942 2663 991 2696 eam
1003 2649 1135 2710 ignominiae

173 2711 307 2775 Josaphutus
326 2719 401 2760 autem
418 2713 497 2774 genuit
513 2712 638 2768 Joramum,
670 2729 788 2775 exponere,
801 2713 872 2760 voluit
883 2711 939 2762 elim
951 2729 1000 2760 eam
1012 2713 1130 2760 dimittere.

172 2775 277 2825 Joramus
288 2785 363 2824 auteur
374 2779 453 2840 genuit
465 2777 573 2832 Hoziam‚
703 2783 735 2824 20
751 2777 816 2826 Haec
831 2785 906 2824 autem
917 2793 985 2837 quum
1001 2778 1024 2823 in
1038 2778 1136 2824 animum

119 2873 122 2880 -
206 2847 221 2889 9
243 2841 334 2888 Hozias
353 2851 426 2887 autem
448 2843 527 2904 genuit
543 2841 637 2890 Joatha-
670 2841 799 2896 induxisset,
819 2857 871 2888 ecce
890 2843 984 2904 angelus
1003 2841 1098 2888 Domini
1114 2842 1136 2888 in

173 2905 465 2960 mumtoathamusautem
473 2906 637 2968 genuit‘Aeha·
670 2907 757 2953 somnio
774 2908 874 2968 apparuit
892 2907 920 2960 ei,
937 2907 1019 2959 dicens,
1031 2905 1136 2966 Josephe‚

174 2985 235 3024 aum,
253 2971 362 3018 Achazus
382 2979 456 3018 autern
476 2972 555 3032 genuit
573 2970 636 3018 Eze·
669 2971 700 3017 fili
712 2971 855 3029 Davidisne
866 2978 941 3016 metue
952 2971 1051 3032 accipere
1063 2969 1135 3015 Mari-

173 3035 251 3088 thium,
669 3051 705 3082 am
725 3051 818 3082 uxorem
836 3043 911 3090 tuam;
929 3050 981 3080 uam
998 3034 1058 3094 quod
1073 3034 1096 3080 in
1111 3049 1137 3081 ea

207 3103 237 3145 10
251 3098 365 3146 EzechIas
373 3107 447 3146 autem
455 3099 533 3162 genuit
543 3099 637 3146 Manas·
669 3100 771 3162 geuitum
782 3105 823 3152 est,
834 3113 863 3144 ex
876 3097 959 3158 Spiritu
972 3097 1054 3143 Sancto
1063 3095 1107 3142 est?

172 3177 219 3214 sen.
239 3163 359 3210 Manasses
377 3173 452 3210 autem
467 3165 547 3224 genuit
564 3165 636 3210 Amo-
702 3167 731 3208 21
752 3162 828 3208 Pariet
839 3167 913 3207 autem
928 3161 1005 3214 tilium,
1017 3168 1041 3207 et
1048 3160 1136 3208 vocatis

174 3243 230 3280 aem,
243 3227 321 3274 Amon
332 3235 406 3274 autem
417 3229 496 3290 genuit
506 3227 599 3281 Josiam,
670 3241 752 3274 nomen
764 3227 811 3288 ejus
822 3224 915 3272 Jesumz
935 3225 982 3286 ipse
990 3223 1136 3272 enimlibera-

207 3295 233 3336 ll
254 3290 330 3340 Josias
338 3299 412 3339 autern
421 3291 637 3353 geuuitJechoninm
670 3292 702 3337 bit
712 3289 818 3352 populum
830 3304 895 3335 suum
906 3304 935 3335 ex
946 3289 1042 3351 peccatis
1053 3288 1129 3350 ipsius.

172 3361 194 3402 et
208 3355 288 3402 iratres
299 3357 353 3418 ejus,
365 3357 388 3402 iu
401 3357 587 3418 transportatione
600 3354 637 3401 illi
702 3360 734 3401 22
753 3353 850 3416 (Totum
861 3353 904 3399 hoe
915 3361 989 3400 autem
1001 3353 1138 3410 factumest,

174 3416 324 3480 Babylonica:
670 3427 694 3466 ut
712 3419 840 3480 impleretur
850 3418 910 3477 quod
926 3419 957 3466 ait
973 3417 1087 3465 Dominus
1098 3434 1127 3481 pe

206 3487 236 3529 19
262 3484 319 3531 Post
335 3484 543 3546 transportationem
560 3495 637 3530 autem
670 3485 806 3546 prophetam,
818 3483 935 3538 dicentem,

170 3547 231 3594 sitam
243 3547 411 3609 Babylonicam,
426 3547 546 3596 Jechouias
559 3549 639 3610 genuit
703 3553 734 3593 25
751 3547 819 3600 Ecce,
831 3547 896 3608 virgo
904 3547 941 3594 illa
952 3561 1076 3609 praegnans
1087 3547 1136 3602 erit,

175 3611 321 3667 Sahthielem,
344 3612 448 3660 salathiel
468 3623 541 3658 autem
559 3613 638 3674 genuit
669 3612 773 3674 etpariet
788 3610 864 3665 tilium,
876 3620 899 3657 et
910 3612 999 3658 vocabis
1015 3626 1098 3658 nomen
1111 3627 1136 3659 ea

174 3677 338 3732 Zorobabelem,
669 3677 704 3738 jus
717 3675 865 3732 Emmanuel;
880 3677 940 3736 quod
951 3682 991 3729 est,
1001 3675 1019 3721 si
1028 3675 1135 3736 interpre

207 3741 237 3787 la
254 3739 376 3788 Zorobabel
387 3752 460 3786 autem
472 3747 550 3802 genuit
566 3739 638 3786 Abiu-
670 3740 730 3793 teris,
743 3739 867 3786 Nobiscum
879 3739 965 3800 Deus.)

170 3819 232 3860 nem,
251 3803 325 3852 Abtud
344 3815 419 3913 auterrp
439 3806 518 3867 genuit
540 3804 634 3851 Eirsehi·
704 3809 735 3850 ‘24
760 3803 912 3862 Experrectus
931 3810 1005 3852 autem
1028 3800 1136 3846 insonum
