2756 4320
1165 281 1171 309 l

1146 355 1160 380 s

600 422 713 478 ACTA,
737 421 783 470 tx.

219 530 260 576 ula.
294 528 325 576 Et
336 529 373 576 iile
387 541 423 583 su,
444 529 511 583 Ecce,
529 543 573 591 ego
589 531 678 583 adsum
707 525 929 581 bitubantDamasci,
942 524 1170 576 cdllatistestimonlu

219 593 324 640 Domine.
708 591 862 637 demonstrans
873 607 924 638 eum
935 607 984 638 esse
996 590 1119 639 Christum.

251 661 277 702 11
297 656 357 702 Tum
367 655 480 701 Dominus
491 655 586 709 adeum,
599 655 679 715 Surge,
741 659 773 700 25
790 655 892 715 Expletis
908 663 982 701 autem
998 655 1074 701 multis
1090 656 1171 710 diebus

219 727 238 766 et
250 719 387 781 proficiscere
404 721 426 765 in
444 721 516 765 vicum
533 719 570 779 qui
587 728 679 764 uocatur
708 719 805 764 inierunt
816 719 881 765 simul
893 719 972 766 Judaei
984 719 1099 765 consilium
1111 720 1172 766 illurn

219 783 309 837 Rectus,
332 791 354 829 et
372 799 453 844 quaere
474 783 496 829 in
519 783 585 828 domo
607 780 680 829 Judae
709 783 855 828 interimendi.
909 803 912 810 ¹

218 848 309 893 Saulum
329 848 442 907 quendam
462 847 558 900 nomine,
580 846 679 892 Tarsen·
744 850 775 890 24
793 846 1030 892 Sedintellectaesunt
1043 846 1173 893 Sauloinsi·

218 927 278 967 rem;
295 925 347 957 ecce
358 911 417 956 enim
428 919 542 970 precatur:
710 909 758 955 diae
769 925 860 956 eomm:
880 909 1024 956 adservabant
1034 918 1108 956 autem
1119 925 1173 972 por-

252 979 281 1020 12
299 974 331 1020 Et
347 975 402 1020 vidit
415 989 455 1034 per
473 974 581 1020 visionem
599 974 679 1027 rirurn,
709 980 743 1019 tas
754 974 789 1019 die
800 989 825 1019 ac
837 981 908 1028 nocte,
916 982 940 1019 ut
947 989 998 1019 eum
1009 975 1168 1020 interimerent.

219 1037 330 1084 Ananiam
341 1039 438 1088 nomine,
450 1039 598 1084 introcuntem
606 1045 629 1084 et
637 1037 679 1082 im·
742 1040 774 1084 25
792 1037 916 1098 Acceptum
927 1039 995 1098 igitur
1006 1053 1057 1084 enm
1074 1039 1173 1099 disespui

219 1111 337 1164 ponentem
349 1103 388 1148 sibi
399 1117 496 1156 manum,
513 1110 538 1148 ut
554 1102 626 1147 visum
643 1116 679 1146 re·
710 1108 782 1154 nocte,
799 1117 839 1162 per
854 1116 941 1147 murum
961 1103 1103 1156 demiserunt,
1121 1103 1175 1149 lunt

218 1166 307 1227 ciperet.
710 1166 841 1210 submissum
853 1166 875 1210 in
885 1163 965 1226 sportis.

253 1234 282 1276 1³
299 1229 424 1290 Respondit
429 1237 502 1276 autem
511 1228 617 1282 Ananias,
628 1227 679 1274 Do-
743 1231 774 1274 26
792 1228 869 1282 Quum
878 1226 932 1275 verb
952 1229 1031 1276 Saulus
1050 1229 1176 1276 aduenisset

218 1293 284 1346 mine,
302 1294 415 1340 audiviex
428 1293 503 1338 multis
520 1293 548 1337 de
565 1293 613 1337 viro
629 1292 679 1344 isto,
712 1287 899 1353 Hierosolymam,
921 1293 1019 1339 tentabat
1040 1307 1065 1339 se
1085 1290 1175 1353 propitia

219 1363 272 1416 quot
283 1357 346 1403 malis
354 1356 450 1402 affecerit
466 1363 555 1402 sanctos
571 1343 621 1402 turis
634 1354 679 1400 Hi·
711 1356 832 1417 adjungere
850 1357 976 1417 discipulis;
995 1356 1033 1402 sed
1050 1371 1128 1402 omnes
1145 1357 1175 1401 ti-

219 1420 356 1479 erosolymis.
596 1458 601 1468 .
711 1420 799 1466 mebant
810 1435 868 1475 eum,
877 1436 923 1466 nou
934 1421 1048 1466 credentes
1059 1435 1109 1466 eum
1125 1435 1175 1466 esse

253 1487 282 1528 14
299 1482 427 1536 Quinetiam
439 1483 481 1528 boc
491 1482 541 1528 loco
557 1482 622 1528 habet
638 1498 679 1543 po·
710 1483 846 1543 discipulum.

219 1553 319 1592 testatem
341 1561 354 1592 a
375 1547 507 1608 principibus
530 1547 679 1599 'sacerdotum
743 1551 772 1593 27
791 1547 903 1594 Barnabas
913 1554 987 1593 autem
998 1555 1112 1608 acceptum
1123 1562 1175 1593 eum

219 1611 328 1657 vinciendi
339 1625 416 1656 ornnes
427 1611 462 1670 qui
478 1611 582 1656 invocant
598 1623 679 1656 nomen
711 1609 774 1655 duxit
795 1611 822 1657 ad
841 1611 959 1672 apostolos,
981 1618 1004 1657 et
1023 1612 1124 1671 exposuit
1143 1611 1175 1656 eis

219 1683 289 1721 tuum.
710 1675 821 1734 quomodo
838 1675 860 1720 iu
879 1672 915 1720 vit
934 1676 1024 1720 vidisset
1042 1674 1175 1727 Dominum,

254 1741 282 1785 15
300 1737 365 1784 Dixit
377 1744 450 1783 autem
461 1738 488 1784 ad
499 1751 550 1782 eum
561 1736 680 1793 Dominus,
711 1745 734 1782 et
744 1736 803 1797 qued
815 1738 918 1798 loquutus
925 1746 984 1784 esset
991 1739 1018 1792 ei,
1030 1745 1053 1785 et
1063 1738 1175 1798 quomodo

221 1801 374 1848 Proficiscere:
386 1817 438 1847 nam
444 1802 614 1846 instrumentum
622 1802 680 1847 elec·
712 1797 895 1848 Damasci‘libere
905 1803 1009 1863 loquutus
1020 1810 1079 1849 esset
1089 1803 1112 1848 in
1132 1817 1174 1848 no·

220 1872 267 1912 tum
286 1873 321 1912 est
335 1866 388 1911 mihi
404 1866 452 1919 iste,
472 1873 497 1910 ut
512 1871 585 1926 portet
600 1879 680 1910 nomen
710 1865 770 1910 nilne
781 1865 844 1912 Jesu.

220 1945 294 1975 meum
315 1931 338 1976 in
360 1937 502 1990 conspectum
524 1930 631 1989 gentium,
659 1936 682 1974 et
744 1933 774 1974 28
792 1929 927 1976 Versabatur
937 1945 993 1992 ergo
1004 1944 1055 1976 curn
1066 1929 1099 1976 eis
1115 1927 1174 1974 Hie·

220 2009 305 2053 regum,
317 2000 340 2039 et
350 1991 445 2038 filiorum
459 1991 527 2038 lsrael
537 2010 542 2037 ι
711 1992 835 2052 rosolyrnis.

255 2061 283 2102 16
301 2056 353 2117 Ego
372 2057 431 2101 enim
448 2057 562 2101 ostendam
579 2055 598 2101 ei
615 2052 681 2116 quim
744 2060 775 2103 29
792 2056 824 2102 Et
831 2052 898 2102 libere
906 2057 1026 2103 innomine
1033 2055 1127 2102 Domini
1134 2055 1175 2104 Je-

220 2119 290 2165 multa
311 2125 412 2180 oporteat
432 2119 504 2180 ipsum
525 2133 566 2180 pro
591 2120 681 2165 nomine
711 2135 736 2165 su
752 2119 887 2180 loquebatur,
906 2129 929 2167 et
946 2121 1079 2182 disceptabat
1093 2121 1175 2166 adver·

221 2184 333 2243 meopatl.
677 2190 678 2194 ’
710 2180 748 2228 stis
758 2185 870 2230 Graecos:
884 2185 914 2229 illi
923 2182 1175 2230 verdconabantureum

254 2249 283 2293 17
300 2245 682 2307 AbiitigiturAnaniasetintroirit
711 2247 843 2293 interimere.

220 2311 309 2356 domum
324 2309 389 2364 illam
406 2317 429 2356 et
439 2311 547 2372 impositis
557 2311 598 2370 ipsi
609 2311 681 2356 mani·
743 2315 776 2357 30
793 2310 860 2365 Quod
873 2326 941 2371 quum
958 2312 1115 2372 cognouissent
1129 2311 1175 2357 ira·

220 2375 266 2428 bus,
276 2375 337 2426 dixit,
351 2375 403 2420 Saul
414 2373 488 2434 frater,
500 2373 614 2420 Dominus
623 2375 682 2420 misit
710 2382 762 2428 tres,
774 2375 912 2421 deduxerunt
928 2391 979 2420 eum
998 2374 1136 2429 Caesaream,
1153 2383 1176 2421 et

220 2453 262 2491 me,
276 2438 360 2516 (Jesus,
370 2439 471 2498 inquam,
483 2439 520 2498 qui
533 2439 592 2484 risus
602 2446 636 2484 est
645 2439 682 2483 tibi
710 2439 830 2484 emiserunt
841 2438 944 2484 Tarsum.

220 2503 242 2547 in
255 2502 290 2547 viu
304 2500 347 2560 quai
363 2501 478 2559 veniebas)
496 2511 520 2547 ut
536 2503 608 2547 visum
626 2502 681 2548 reci-
742 2506 771 2547 31
791 2502 906 2548 Ecclesiae
917 2502 984 2563 igitur
995 2517 1034 2562 per
1045 2509 1114 2547 totam
1132 2500 1176 2549 Ju-

220 2565 272 2626 pias,
284 2572 306 2610 et
317 2565 427 2625 implearis
438 2565 520 2625 Spiritu
534 2565 622 2612 Sancto.
710 2565 786 2612 (laeam
796 2573 820 2613 et
832 2566 953 2612 Galilaeam
965 2573 987 2612 et
1000 2566 1118 2613 Samariam
1136 2567 1176 2612 ba·

259 2632 287 2672 18
311 2628 389 2673 Statim
411 2636 484 2673 autem
507 2627 635 2674 deciderunt
655 2629 682 2674 ab
710 2629 786 2676 bentes
794 2644 878 2690 pacem,
889 2629 1074 2685 aedificabantur;
1091 2636 1113 2675 et
1124 2645 1176 2689 per·

219 2691 289 2736 oculis
305 2691 353 2750 ejus
369 2692 430 2750 quasi
447 2706 556 2750 squamae,
575 2699 599 2736 et
609 2693 681 2737 visum
710 2701 790 2752 gentes
799 2695 823 2739 r'n
835 2694 915 2739 timore
927 2693 1027 2746 Domini,
1039 2701 1060 2740 et
1072 2693 1175 2738 consola·

219 2754 302 2815 recepit
311 2754 384 2799 illico:
406 2769 432 2799 ac
447 2769 541 2814 surgens
557 2755 682 2816 baptizatus
711 2757 772 2802 tione
784 2757 859 2802 Sancti
879 2758 980 2818 Spiritus,
1000 2757 1175 2818 multiplicaban-

220 2826 259 2864 est„
711 2832 754 2864 tur.

254 2885 283 2928 19
301 2879 421 2940 Quumque
432 2880 525 2941 cepisset
536 2881 613 2933 cisum,
630 2897 680 2928 cor·
743 2888 775 2929 52
792 2888 807 2945 l
824 2883 916 2930 Factum
928 2892 962 2930 est
972 2893 1077 2930 autemut
1087 2883 1176 2938 Petrus,

220 2946 334 2992 roboratus
356 2952 397 2992 est.
432 2944 484 2990 Fuit
505 2955 578 2991 autem
602 2946 681 2992 Saulus
711 2947 763 2992 dum
775 2963 813 3008 per
831 2963 908 2994 omnes
925 2949 1073 3010 pertransiret,
1085 2949 1177 2994 deveni-

221 3025 270 3056 eum
282 3009 392 3070 discipulis
401 3009 437 3070 qui
447 3017 509 3056 erant
519 3009 631 3065 Damasci,
643 3027 681 3072 per
712 3019 745 3056 ret
762 3012 828 3057 etian
848 3013 876 3057 ud
893 3020 981 3058 sanctos
994 3013 1031 3072 qui
1051 3013 1177 3058 babitabant

220 3075 267 3121 dies
278 3074 368 3126 aliquot.
714 3073 811 3134 Lyddae.

252 3143 284 3184 20
301 3138 333 3184 Et
344 3138 416 3186 statim
428 3141 450 3184 in
463 3138 584 3200 synagogis
595 3138 680 3199 praedi·
743 3143 776 3184 5³
793 3139 885 3199 Reperit
906 3147 980 3186 autem
1002 3140 1045 3185 illic
1066 3139 1177 3200 quendam

220 3210 278 3249 eant
290 3200 412 3254 Christum,
429 3217 509 3261 neuque
519 3217 570 3247 eum
581 3217 629 3248 esse
643 3202 681 3248 Fi·
712 3203 802 3248 nomine
819 3203 927 3257 Aeneam,
944 3204 970 3249 ab
984 3205 1048 3249 annis
1058 3205 1105 3264 jam
1125 3213 1177 3250 octe

219 3267 272 3315 burn
284 3266 346 3312 illurn
359 3265 411 3312 Dei.
711 3266 878 3312 decumbentem
897 3267 919 3312 in
936 3268 1048 3328 grabbato,
1071 3267 1108 3327 qui
1129 3274 1176 3312 erat

244 3334 271 3376 21
287 3329 553 3391 Obstupescebantautem
561 3344 637 3374 omnes
645 3329 681 3389 qui
711 3331 856 3390 paralyticus:
921 3355 925 3364 ·

220 3409 270 3440 euru
288 3394 410 3446 audiebant,
432 3400 455 3438 et
469 3392 575 3442 dicebant,
598 3392 682 3438 Nonne
743 3397 774 3438 34
793 3393 824 3440 Et
835 3394 891 3439 dixit
901 3393 920 3439 ei
935 3393 1021 3448 Petrus,
1039 3394 1123 3445 Aenea„
1141 3407 1175 3441 ιι·

137 3457 139 3470 “
221 3458 254 3504 uic
270 3465 304 3502 est
315 3457 352 3516 qui
364 3456 457 3517 perdidit
469 3454 632 3516 Hierosolymis
643 3472 682 3502 eos
712 3464 750 3502 nat
771 3464 793 3502 te
815 3455 881 3504 Jesus
905 3456 1024 3504 Christus:
1054 3471 1128 3517 surge,
1155 3464 1176 3502 et

220 3521 256 3581 qui
268 3521 399 3566 invocabant
410 3533 491 3565 nomen
507 3519 580 3574 istud;
600 3527 623 3564 et
639 3522 682 3565 huc
712 3526 785 3567 sterne
796 3522 833 3567 tibi
846 3522 893 3582 ipsi.
926 3523 951 3568 Is
962 3529 1035 3567 auum
1045 3521 1118 3566 statim
1128 3535 1175 3566 sur-

221 3583 301 3629 idsirco
313 3585 379 3637 venit,
397 3591 422 3629 ut
433 3584 570 3629 vinctoseos
586 3583 681 3629 adduce·
713 3584 776 3629 rexit.

128 3674 133 3688 1
221 3653 253 3691 ret
264 3645 291 3691 ad
302 3647 417 3706 primarios
428 3645 570 3692 sacerdotes?
743 3650 776 3694 55
793 3646 825 3692 Et
836 3647 997 3694 videmnteum
1009 3661 1087 3692 omncs
1095 3646 1173 3705 quiin·

253 3712 284 3753 22
301 3709 381 3754 Saulus
392 3717 465 3756 autem
477 3710 548 3770 magis
561 3709 682 3755 invalesce·
713 3710 813 3756 colebant
825 3709 927 3771 Lyddam
936 3719 958 3756 et
970 3711 1062 3766 sarona,
1073 3723 1111 3772 qiu
1121 3723 1165 3757 tou

222 3770 263 3822 tu,
276 3777 299 3817 et
310 3771 460 3877 conlundelbp:
473 3771 571 3819 Judaros
587 3773 623 3830 qsri
641 3769 680 3819 ha·
715 3780 859 3820 verteruntse
868 3775 896 3821 ad
908 3773 1041 3822 Dominum.
