2720 4312
491 443 514 488 2.
526 437 695 487 EPISTOLA
713 437 823 495 PETRI,
846 439 895 488 111.

214 545 273 592 siene
283 544 399 599 damnavit
413 543 508 606 fecitque
516 552 541 592 ut
549 552 623 591 essent
634 559 674 591 ex·
740 549 769 592 19
781 544 915 592 Libertatem
923 544 954 590 eis
961 535 1091 606 pottisento,
1099 558 1168 606 quum

214 608 295 670 ernplar
306 605 372 669 impie
384 609 491 654 victurisz
704 609 745 670 ipsi
763 610 821 656 servi
837 611 882 655 sint
897 609 1048 670 corruptelae;
1065 609 1170 669 siquidem

244 676 258 720 7
276 672 397 732 Etjustum
405 669 451 718 Lot
459 669 571 718 libidinosi
580 671 675 720 11111110-
706 670 775 733 siquo
786 674 835 732 quis
850 680 964 734 superatus
981 683 1021 726 est,
1038 673 1089 718 huic
1105 674 1170 718 etiarn

214 751 260 782 rum
272 737 439 781 corruersatione
449 736 565 797 fatigatum
577 736 672 796 eripuit:
706 737 728 783 in
741 737 868 782 servitutem
880 743 914 782 est
925 737 1037 782 adductus.
1053 781 1058 788 ,

244 803 258 844 8
277 798 366 861 (iustus
377 801 436 846 enim
449 799 491 853 itte,
508 815 575 858 quum
592 801 675 846 habita·
739 804 771 846 90
788 800 847 846 Nam
859 801 876 846 si
886 807 1000 860 postquam
1010 801 1172 860 inquinamenta

214 871 245 910 ret
255 864 313 909 inter
323 879 368 916 eos,
383 865 406 909 in
422 864 468 910 dies
485 863 579 909 animam
591 865 676 923 justam
707 865 781 910 mundi
793 865 974 925 peragnitionem
983 863 1076 910 Domini
1085 871 1109 909 ct
1118 863 1171 908 Ser-

213 929 291 987 iniquis
312 927 399 974 illomm
416 927 486 981 lactis,
504 935 527 974 et
543 927 638 986 videndo
654 934 677 973 et
707 929 790 974 vatoris
811 927 867 976 Jesu
890 926 973 974 Christi
995 927 1122 988 effugerint,
1139 927 1171 973 nis

213 991 321 1037 audiendo
331 988 498 1049 excruciabatt)
708 1007 795 1038 rursum
822 992 926 1053 implicati
952 1001 1089 1052 superentur,
1115 991 1172 1039 iacta

245 1059 260 1103 9
278 1054 348 1102 Non't
358 1053 471 1101 Dominus
479 1050 678 1116 piosetentatione
707 1063 741 1102 est
763 1055 840 1102 ultima
860 1071 936 1102 eorum
959 1055 1056 1101 conditio
1077 1055 1169 1102 deterior

213 1119 303 1180 eripere,
315 1119 407 1181 injtts'tos
417 1127 491 1165 autem
506 1120 529 1164 in
545 1119 603 1164 diem
615 1119 676 1182 judi·
707 1120 786 1182 priore.

214 1183 241 1229 cii
251 1197 334 1244 poenes
344 1183 421 1228 dantes
432 1197 532 1230 servare:
741 1187 768 1228 21
790 1182 863 1230 Satius
871 1182 929 1229 enim
937 1181 1015 1228 suisset
1023 1182 1055 1228 cis
1063 1195 1108 1228 non
1116 1197 1171 1242 cog-

247 1251 277 1292 10
294 1242 396 1292 Maxime
410 1243 464 1293 verd
479 1261 518 1292 eos
534 1245 571 1306 qui
588 1261 676 1292 carnem
709 1247 798 1294 novisse
808 1248 867 1293 vium
881 1246 988 1308 justitiae,
999 1242 1065 1306 quim
1082 1243 1171 1308 cogniti

213 1317 336 1371 sequentes,
347 1311 370 1356 in
382 1307 468 1372 impuri
481 1311 600 1372 eupiditate
616 1312 676 1356 ince-
708 1307 750 1358 r'lld
761 1311 847 1374 regredi
858 1305 872 1357 d
883 1318 959 1356 sancto
968 1309 1070 1356 mandato
1079 1310 1119 1357 sibi
1126 1319 1172 1356 trs·

212 1373 274 1428 dunt,
294 1381 317 1420 et
332 1373 469 1420 dominatum
484 1374 612 1436 despiciunt,
629 1375 677 1433 qui,
708 1375 762 1421 dito.

212 1438 314 1498 inpurus,
327 1445 416 1484 ulerunt
427 1439 526 1491 audaces,
537 1445 560 1483 et
576 1438 616 1484 sibi
630 1437 676 1498 pla·
740 1442 772 1484 92
789 1437 920 1484 Sedaecidit
930 1437 963 1484 eis
979 1436 1037 1498 quod
1053 1452 1107 1483 vero
1118 1452 1167 1500 pro·

212 1508 295 1555 centes,
306 1517 352 1547 non
363 1501 453 1548 horrent
464 1502 582 1564 dignitates
592 1501 677 1564 probris
707 1503 783 1550 verbio
797 1501 840 1547 dici
856 1502 919 1556 solet,
936 1499 1005 1549 Canis
1022 1515 1123 1554 reversus
1137 1508 1172 1548 est

212 1565 328 1612 incessere.
707 1566 735 1612 ed
746 1581 810 1613 suum
822 1565 889 1628 ipsius
900 1567 1008 1612 vomitum
1017 1581 1024 1624 ς
1041 1573 1070 1620 et,
1080 1566 1124 1614 Sus
1134 1565 1168 1612 io·

247 1631 273 1674 ll
293 1627 370 1683 Quum
381 1627 422 1688 ipsi
433 1629 513 1690 angeli,
525 1628 561 1690 qui
573 1635 625 1675 sunt
639 1643 676 1672 ro·
708 1637 737 1686 ta,
749 1631 777 1678 ed
787 1629 926 1683 volutabrum
937 1629 1008 1676 coeni.

212 1693 265 1739 bore
275 1707 301 1738 ee
317 1690 415 1754 potentii
431 1695 531 1746 mn'ores,
547 1707 592 1739 non
605 1692 678 1737 ierant

212 1753 317 1802 adversds
338 1771 375 1802 eas
391 1757 449 1818 apud
491 1757 591 1804 ominum
607 1756 676 1802 male·
867 1753 941 1804 cnt’.
965 1753 1013 1803 ΙΙΙ.

213 1821 314 1867 dictionis
319 1821 435 1880 judicium.
778 1819 865 1869 ASCE
876 1823 923 1882 jam
934 1820 1013 1868 alteras
1024 1820 1087 1866 vobis
1097 1815 1169 1868 literas

247 1889 277 1930 12
294 1885 326 1930 At
334 1885 377 1939 isti,
386 1883 452 1931 veluti
461 1884 580 1931 animantia
587 1883 677 1930 rationis
809 1885 887 1939 scribo,
905 1885 985 1938 dilecti,
1003 1885 1081 1945 quibus
1098 1885 1170 1930 since·

212 1949 317 2010 expertia,
328 1963 384 2009 quae
395 1950 488 1995 naturali
500 1949 583 2010 impetu
600 1947 676 1994 ierun-
707 1963 754 1996 ram
765 1957 862 1995 mentem
878 1955 974 1995 vestram
987 1964 1027 2010 per
1041 1963 1170 1995 commone·

213 2019 255 2066 tur,
267 2012 325 2060 laeta
335 2013 362 2058 ad
378 2027 428 2058 eum
444 2011 511 2058 finem
523 2019 548 2058 ut
563 2018 627 2073 cepta
640 2013 676 2058 in·
706 2009 825 2060 factionem
836 2015 924 2058 excito:

213 2083 305 2130 lereant,
326 2092 353 2122 ea
374 2077 524 2136 vituperantes
538 2089 595 2136 quee
609 2077 676 2137 igno·
740 2075 802 2123 2Ut
810 2092 919 2123 memores
928 2076 974 2122 sitis
983 2076 1106 2130 verbomm,
1115 2091 1170 2136 quae

214 2147 269 2190 rant.
292 2136 331 2186 suti
352 2140 449 2202 ipsorum
466 2137 590 2202 corruptelti
606 2139 676 2186 inter·
706 2141 817 2204 praedicta
830 2151 881 2186 sunt
892 2137 906 2186 i
917 2141 997 2186 sanctis
1013 2141 1130 2202 prophetis,
1148 2147 1171 2187 et

213 2203 288 2250 ibunt:
707 2205 803 2252 mandati
815 2205 872 2250 iilius
881 2205 950 2250 nostri
965 2203 1002 2264 qui
1016 2219 1094 2250 sumus
1104 2219 1170 2266 apos·

249 2271 279 2313 13
294 2267 437 2328 lleportaturi
448 2267 571 2314 mercedem
589 2266 676 2330 injusti·
707 2269 746 2316 toll
758 2267 852 2316 Domini
864 2276 886 2314 et
899 2268 1041 2323 Servatoris3

213 2331 262 2385 tiae,
274 2338 299 2378 11
309 2332 345 2392 qui
357 2347 398 2392 pro
408 2331 521 2392 voluptate
532 2333 677 2393 (1101111110-
739 2337 756 2378 3
773 2331 831 2379 Illud
839 2330 935 2393 primdm
952 2333 1052 2385 scientes,
1064 2337 1170 2378 venturos

213 2396 306 2442 tidianas
328 2396 422 2450 delicias,
444 2396 504 2442 labes
524 2411 550 2442 ae
572 2396 677 2450 maculae,
707 2397 813 2445 extremis
826 2398 901 2442 diebus
918 2396 1023 2448 irrisores,
1035 2396 1057 2441 in
1074 2396 1120 2442 suis
1135 2397 1170 2458 ip-

213 2460 249 2518 qui
270 2460 449 2506 t'raudibus·suis
463 2475 487 2506 se
501 2460 617 2514 oblectant,
635 2476 676 2506 vo·
708 2476 782 2508 sorum
794 2461 947 2522 cupiditatibus
957 2459 1090 2511 incedentes,

212 2523 295 2568 biscum
306 2524 427 2584 epulando:
740 2529 756 2570 4
772 2523 805 2571 Et
815 2525 918 2578 dicentes,
933 2523 976 2570 Ubi
993 2530 1028 2569 est
1043 2522 1170 2584 pollicitatio

247 2590 276 2632 14
294 2586 377 2634 Oculos
389 2588 493 2633 babentes
503 2587 580 2648 plenos
591 2585 676 2634 adulte·
707 2588 815 2634 adventds
826 2587 892 2650 ejus'i
909 2603 959 2633 nam
971 2601 1000 2633 ex
1016 2603 1059 2646 quo
1076 2589 1113 2632 die
1128 2602 1168 2647 pa-

213 2651 245 2704 rii,
267 2657 290 2696 et
310 2651 347 2710 qui
369 2647 509 2710 bpeccando
524 2665 610 2697 cessare
625 2666 676 2696 nes·
707 2658 753 2698 tres
763 2651 934 2704 obdormierunt,
946 2651 1019 2697 omnia
1035 2651 1065 2696 ita
1081 2665 1167 2712 perma-

206 2715 276 2767 ‘ciant
304 2714 427 2759 inmeantes
447 2713 537 2759 ‘animas
558 2715 677 2769 instabiles,
707 2724 761 2761 nent
772 2716 798 2760 ab
809 2715 870 2760 initio
882 2715 1005 2761 creationis.

212 2792 252 2822 cor
272 2777 377 2822 babentes
395 2777 424 2822 ed
439 2777 552 2822 evaritism
568 2777 676 2823 exercita·
739 2781 755 2825 5
772 2777 900 2823 illudenim
913 2779 1014 2825 volentes
1030 2777 1089 2839 ipsos
1104 2775 1169 2838 lingit,

212 2849 267 2894 tum,
278 2839 406 2887 exsecrandi
417 2840 525 2886 homines.
707 2842 781 2889 coelos
795 2845 843 2904 jam
861 2843 914 2888 olim
933 2842 1043 2888 exstitisse
1062 2857 1101 2903 per
1122 2839 1169 2888 Dei

246 2907 275 2950 15
298 2904 344 2958 Qui
366 2901 441 2950 relicti
458 2901 517 2950 recti
535 2901 570 2950 visi
589 2901 676 2952 aberrt-
707 2921 839 2961 sermonem,
850 2914 873 2952 et
883 2913 963 2953 terram
975 2902 1068 2966 exaquii
1077 2912 1100 2952 et
1110 2905 1133 2951 in
1144 2920 1168 2952 s·

213 2976 271 3023 runt,
283 2968 368 3030 oequuti
378 2969 436 3015 viam
444 2967 534 3015 Balaam
535 2969 590 3032 filit
596 2966 676 3025 Bosor,
707 2967 751 3031 qud
761 2970 925 3017 consistentem.

129 3036 132 3044 '
212 3033 248 3094 qui
260 3033 383 3080 mercedem
394 3033 514 3094 iniquitatis
524 3033 619 3080 amerit:
739 3037 755 3081 6
783 3033 933 3088 Quamobrem
955 3033 974 3078 is
995 3031 1033 3094 qui
1054 3039 1102 3079 tum
1122 3043 1167 3080 erat

246 3101 276 3144 16
293 3097 338 3144 Sed
349 3097 525 3158 redargutionem
537 3112 589 3144 suae
604 3108 676 3142 unns·
707 3097 809 3151 mundus,
820 3094 1001 3157 aqudinuudatus
1012 3096 1082 3158 periit

212 3161 430 3224 gressionisbabuits
448 3160 677 3222 uomsubjugisasina
739 3165 754 3209 ’1
772 3161 818 3216 Qui
840 3159 893 3208 verd
915 3176 974 3207 nunc
994 3168 1049 3208 sant
1069 3159 1124 3208 eost*
1145 3175 1169 3207 v

212 3233 279 3274 muta.
301 3223 398 3272 bumand
416 3241 472 3272 voce
487 3225 584 3286 loquuta,
600 3225 675 3286 prohi-
707 3233 771 3280 terra,
783 3225 861 3271 eodem
878 3240 979 3271 sermone
994 3223 1107 3278 recondis,
1123 3238 1168 3270 ser·

212 3290 260 3335 buit
269 3290 389 3351 prohetae
399 3289 540 3336 dementiam.
708 3299 788 3335 vantur
806 3289 853 3350 igni
870 3289 892 3334 in
912 3289 969 3334 diem
986 3287 1131 3335 diuturnum
1148 3295 1169 3335 rt

247 3356 275 3400 17
293 3351 334 3398 Isti
345 3360 397 3402 sunt
411 3351 484 3398 fontes
500 3349 557 3413 aqud
569 3360 676 3406 carentes,
707 3353 767 3399 exitii
779 3354 896 3414 impiorum
908 3352 1030 3398 bominum.

213 3417 303 3463 aebulae
313 3413 326 3461 1
335 3417 420 3463 turbine
427 3421 536 3478 agitatam
553 3416 630 3476 quibus
639 3431 676 3462 ca·
740 3421 754 3462 8
774 3411 850 3463 Unum
862 3424 935 3462 autem
947 3417 989 3462 hoc
1000 3431 1029 3462 ne
1040 3430 1081 3461 vos
1091 3416 1169 3476 rugiat.

214 3479 259 3540 tgo
272 3481 411 3526 tenebrarum
426 3481 449 3526 in
463 3487 576 3526 aeternum
591 3487 677 3526 servata
707 3480 785 3533 dilecti,
805 3495 874 3525 unum
893 3481 951 3526 diem
970 3479 1028 3540 apud
1045 3477 1168 3524 Dominum

213 3551 252 3590 ee
708 3545 806 3604 pcrr'nde
816 3557 862 3590 ease
878 3550 903 3589 ut
919 3543 981 3589 mille
989 3558 1066 3598 annos,
1077 3550 1100 3588 et
1110 3542 1168 3590 milis

247 3609 275 3652 18
295 3605 355 3654 Nam
377 3607 535 3669 praetumidum
557 3607 677 3653 venitatem
707 3623 777 3654 annos
789 3614 813 3652 ut
824 3607 881 3654 diem
893 3623 970 3653 unum.

215 3671 328 3723 uinciendo,
340 3671 439 3716 inescant
449 3687 488 3716 eoa
499 3666 538 3732 per
548 3671 621 3718 earnis
636 3686 676 3717 cu·
740 3675 755 3718 9
771 3669 826 3716 Non
836 3671 907 3716 tardat
916 3669 1029 3716 Dominus
1037 3666 1168 3730 promissum

213 3735 312 3796 piditatea
322 3733 421 3787 lascivas,
432 3735 469 3794 qui
485 3730 538 3780 vere
553 3733 677 3796 effugerem
709 3735 745 3796 (ut
756 3733 856 3780 nonnoni
865 3735 988 3780 tarditatem
996 3735 1057 3781 larse
1067 3747 1116 3778 esse
1125 3729 1167 3776 du·

214 3811 251 3843 aes
261 3797 298 3857 qui
310 3798 333 3842 iu
343 3811 417 3841 errore
428 3805 556 3843 versantur:
705 3794 778 3848 eunt).
790 3797 829 3842 sed
844 3797 929 3857 pauens
942 3809 975 3844 est
992 3811 1047 3858 erge
1064 3810 1111 3847 1101.
1127 3809 1164 3841 no·

407 3861 454 3904 266
