2756 4320
585 369 748 426 JOANNES,
772 370 816 418 vl.

226 490 263 524 rue
270 478 381 538 draerpuiiu
392 479 444 533 uuio,
455 477 537 540 Cogite
543 493 600 538 qnae
608 493 682 539 super·
749 481 788 523 26¹
797 476 923 538 Respondit
939 477 971 524 eis
987 477 1062 533 Jeuua,
1079 491 1103 530 et
1118 480 1180 536 dixit,

231 549 311 588 uerunt
322 541 452 603 fragmenta,
465 543 555 602 nequid
566 549 647 602 pereat
717 540 799 593 Amen,
821 556 893 595 amen,
916 542 964 587 dico
986 543 1055 596 vobis,
1077 545 1182 604 quaeritie

256 609 286 650 13
299 603 428 666 coegerunt
437 621 498 666 ergo,
508 613 530 652 et
539 605 686 666 impleverunt
717 619 759 656 me,
777 602 823 649 nori
833 605 884 664 quia
896 605 980 651 vidistis
991 606 1061 666 signa,
1078 608 1117 653 aed
1132 609 1182 668 quia

223 667 685 731 duodecimcopirinosfragmentisexquin-
716 667 842 714 comedistis
853 683 921 729 panes
932 669 987 724 iilos,
1004 679 1027 716 et
1037 666 1129 716 iniurati
1145 687 1182 718 es·

223 747 265 794 que
291 732 333 778 illis
360 733 450 793 panibus
475 733 608 786 hordeaceis,
630 747 687 792 quae
717 731 752 776 b's.

222 795 375 858 superfuerant
385 796 413 842 iis
422 796 458 857 qui
474 795 621 842 comederant
749 796 780 841 27
798 793 926 856 Operemini
938 811 983 842 non
999 797 1049 843 cibo
1065 797 1102 857 qui
1118 801 1178 859 perir

257 863 286 905 14
303 859 338 905 iili
354 876 415 920 ergo,
433 875 500 921 quum
518 860 623 904 vldissent
640 859 685 920 sig-
718 858 757 904 sed
775 857 824 904 eibo
842 859 873 904 iili
890 860 927 919 qui
944 867 1058 920 permanet
1073 862 1097 907 in
1114 863 1182 910 vitem

223 939 276 969 num
297 925 357 983 quod
375 923 442 971 Jesua
458 924 561 976 ediderat,
579 923 686 977 dicebaut
717 929 836 976 aeternam,
853 938 919 982 quem
938 923 1006 969 Filius
1017 925 1113 975 hominis
1123 926 1181 972 dabit

224 983 495 1048 Hicestuerdpropheta
506 987 589 1048 illequi
607 994 686 1034 ventu·
719 986 795 1032 nobie:
820 987 879 1032 hune
895 987 955 1032 enim
972 987 1038 1034 Pater
1049 989 1181 1050 obsignavit,

222 1059 317 1098 urserat
328 1051 350 1097 in
366 1053 480 1098 mundum.
522 1103 524 1108 ¹
719 1050 792 1102 idest,
806 1049 877 1096 Deus.

257 1118 286 1161 15
302 1115 369 1162 Jesus
380 1131 442 1177 ergo,
453 1131 522 1176 quum
539 1113 615 1161 ndsset
630 1129 686 1160 ven·
751 1117 781 1157 28
799 1112 914 1159 Dixerunt
930 1129 984 1174 ergo
1001 1114 1102 1169 adeum,
1121 1114 1182 1169 Quid

223 1187 291 1226 turos.
302 1187 325 1224 et
336 1195 360 1225 se
371 1181 498 1240 abrepturon
510 1186 535 1224 ut
550 1194 574 1224 se
590 1178 688 1224 iacerent
718 1176 823 1222 iaciemus
834 1184 859 1223 nt
870 1193 986 1238 operemur
997 1179 1098 1239 operibus
1111 1178 1171 1224 Deii

224 1258 306 1304 regern,
318 1244 408 1288 secessit
419 1258 495 1289 rursus
506 1243 528 1288 in
539 1251 638 1295 montem
649 1258 686 1288 so·
751 1245 782 1288 29
799 1240 923 1302 Respondit
940 1240 1013 1295 Jesua
1033 1249 1056 1288 et
1072 1243 1127 1288 dixit
1143 1244 1180 1290 eia

223 1310 257 1352 ius
268 1307 320 1367 ipse.
719 1301 773 1350 Hoc
784 1304 838 1350 iilud
848 1311 883 1350 est
892 1319 948 1366 opus
961 1304 1013 1360 Dei,
1032 1316 1050 1351 rt
1058 1307 1150 1352 credatis
1159 1307 1182 1354 ir:

257 1374 286 1416 16
302 1372 319 1430 1
329 1369 362 1416 Ut
373 1376 447 1416 autem
458 1385 531 1415 serum
542 1370 590 1416 diei
604 1369 687 1416 factum
717 1383 769 1414 eum
780 1383 846 1430 quem
857 1369 894 1414 ille
904 1369 971 1416 misit.

222 1439 262 1486 est,
290 1433 450 1480 descenderunt
471 1433 570 1495 discipuii
591 1435 639 1495 ejus
660 1433 688 1480 ud
749 1435 782 1478 30
799 1430 913 1478 Dixerunt
921 1448 975 1493 ergo
984 1433 1011 1486 ei,
1022 1433 1151 1494 Qnodergo
1159 1441 1183 1482 tu

223 1511 289 1542 mare.
718 1494 807 1556 signum
824 1496 877 1550 edis,
895 1503 920 1542 ut
936 1497 1048 1542 videamus
1064 1505 1087 1544 et
1105 1499 1180 1546 croia-

257 1563 285 1606 17
303 1559 687 1621 Etingressinavigiumibanttrans
717 1573 768 1605 mus
779 1558 835 1604 tibi?
851 1559 903 1620 quid
913 1560 1029 1620 operaris?

222 1639 283 1670 mare
296 1622 474 1684 Cepemaumum
485 1639 576 1680 versum
588 1626 637 1686 jam
646 1639 686 1670 au·
749 1627 779 1668 51
800 1617 879 1669 Patres
889 1624 959 1670 nortri
970 1623 1113 1670 comederunt
1129 1624 1183 1672 illud

223 1694 268 1734 tem
289 1695 352 1734 erant
367 1689 477 1742 tenebrae,
494 1703 536 1734 nec
552 1695 644 1735 venerat
659 1687 687 1734 ad
717 1701 800 1732 manna
809 1687 832 1731 in
843 1687 930 1732 deserto
941 1687 993 1733 illo:
1012 1689 1183 1749 sieutmripturn

223 1767 261 1798 eos
272 1751 347 1800 Jerus.
717 1757 758 1804 est,
777 1749 861 1798 Panem
873 1751 991 1797 coelestem
1008 1751 1067 1798 dedit
1082 1752 1115 1798 eis
1130 1767 1183 1798 ves·

257 1820 285 1861 18
304 1815 335 1862 Et
351 1830 418 1870 mare,
430 1823 497 1861 vento
514 1831 597 1878 magno
613 1814 686 1870 flante,
718 1814 820 1860 oendum.

223 1881 358 1942 insurgebat
749 1883 782 1924 52
799 1877 865 1924 Dixit
883 1893 939 1938 ergo
955 1877 988 1924 eis
1005 1876 1079 1933 Jesus.
1099 1878 1183 1934 Amen,

257 1947 286 1991 19
305 1943 408 1990 Provecti
420 1939 474 1989 verri
489 1943 551 2003 quasi
567 1943 637 1990 stadia
652 1943 686 1989 vi·
718 1956 795 2006 amen,¹
806 1941 856 1988 dico
867 1943 936 1996 vobis,
953 1957 1090 2003 nequaquem
1103 1942 1183 1989 Moses

223 2007 389 2068 giuti-quinque
409 2013 448 2052 aut
464 2007 561 2068 triginta,
577 2007 686 2068 conspici·
717 2005 777 2052 dedit
793 2006 857 2051 vobis
874 2021 954 2066 panem
970 2005 1032 2052 illum
1047 2007 1183 2063 coelestem

223 2077 263 2117 unt
279 2069 357 2117 Jesum
373 2069 521 2116 ambulantem
538 2086 603 2131 super
619 2086 686 2126 mare,
717 2069 756 2114 red
769 2068 836 2116 Pater
851 2084 914 2116 meus
930 2070 967 2116 dat
983 2071 1045 2116 vobis
1061 2085 1140 2132 panem
1156 2071 1184 2116 il-

222 2142 244 2180 et
260 2133 470 2195 appropinquantem
486 2134 551 2192 navi3
568 2142 591 2180 et
606 2135 686 2181 timue·
717 2131 764 2179 lum
774 2133 892 2179 coelestem
904 2149 988 2180 rerum.

223 2205 282 2243 runt.
749 2201 782 2244 35
800 2196 867 2243 Panis
878 2197 937 2243 enirn
949 2197 985 2244 iile
997 2197 1042 2244 Dei
1059 2198 1078 2244 ie
1094 2204 1129 2243 est
1145 2199 1183 2258 qui

256 2265 288 2307 20
305 2259 346 2308 iiie
355 2276 408 2308 vero
417 2261 472 2307 dixit
480 2261 517 2316 eia,
528 2260 581 2324 Ego
590 2279 646 2317 sum,
658 2278 687 2310 ne
717 2260 829 2306 de'coelo
853 2261 972 2315 descendit,
1000 2269 1023 2308 et
1049 2263 1087 2308 dat
1114 2262 1182 2309 vitam

224 2325 306 2372 timete.
718 2325 808 2370 mundo.
890 2343 892 2352 s

256 2394 284 2435 21
305 2386 392 2451 Cupide
411 2405 466 2452 ergo
485 2397 615 2451 receperunt
636 2405 686 2436 eum
749 2392 782 2434 34
799 2387 913 2442 Dixeurnt
924 2404 979 2450 ergo
990 2389 1016 2442 ei,
1032 2387 1137 2443 Domine,
1156 2389 1183 2436 da

223 2468 246 2500 tn
268 2454 399 2514 navigium3
426 2462 449 2500 et
470 2455 544 2500 statim
571 2455 686 2514 navigium
717 2453 781 2498 nobis
792 2467 878 2512 semper
889 2467 968 2513 panem
979 2452 1053 2498 istum.

224 2518 362 2579 pervenitad
373 2518 487 2578 regionem
498 2519 521 2563 in
532 2533 598 2579 qnam
609 2519 675 2564 ibant.
748 2519 781 2564 55
799 2515 865 2562 Dixit
871 2524 945 2562 autem
952 2517 984 2562 eis
990 2515 1063 2569 Jerus,
1071 2515 1124 2578 Ego
1132 2532 1182 2564 aum

257 2585 288 2626 22
304 2582 319 2641 q
336 2579 430 2626 Postero
441 2581 482 2634 die,
494 2583 558 2627 turba
568 2596 624 2640 quae
635 2583 686 2627 sub-
717 2581 780 2642 ponis
790 2579 827 2626 ille
838 2579 911 2626 vioe:
929 2581 967 2640 qui
982 2581 1044 2626 venit
1058 2581 1085 2626 ad
1096 2595 1183 2627 mene·

224 2644 351 2690 stiterateis
366 2659 433 2696 mare,
451 2659 520 2704 quum
537 2645 627 2690 vidisset
644 2645 687 2690 illio
717 2659 826 2704 quaquam
848 2644 946 2700 esuriet;
973 2651 996 2690 et
1017 2645 1055 2705 qui
1075 2645 1145 2691 credit
1161 2646 1184 2692 in

223 2723 268 2752 non
279 2707 346 2753 fuisse
355 2707 413 2752 aliud
422 2707 556 2767 navigiomm
566 2708 607 2753 nisi
620 2724 687 2754 unum
718 2722 754 2753 me
765 2722 810 2752 uon
822 2707 880 2752 sitiet
892 2723 996 2768 unquam.

223 2770 277 2816 illud
288 2771 310 2816 in
321 2769 380 2830 quod
391 2771 485 2830 ingressi
493 2770 580 2816 fuerant
589 2772 687 2831 discipuli
750 2774 781 2817 36
799 2771 844 2829 Sed
850 2771 895 2816 dixi
903 2773 971 2825 vobis,
980 2787 1020 2818 vos
1028 2772 1094 2818 etiam
1102 2772 1183 2818 vidisse

223 2836 276 2894 ejus,
287 2841 311 2880 et
320 2833 399 2880 Jesnm
411 2847 456 2878 non
467 2833 569 2881 introisse
580 2850 630 2880 cum
642 2837 687 2881 dis·
719 2849 760 2887 me,
775 2843 797 2880 et
808 2849 853 2879 non
864 2835 960 2881 credere.

223 2898 301 2958 cipuiis
310 2897 385 2944 suisio
394 2897 514 2960 navigium,
526 2899 564 2944 sed
573 2899 632 2944 soios
641 2901 688 2960 ejus
750 2901 781 2944 37
800 2898 911 2958 Quicquid
930 2900 968 2946 dot
986 2899 1039 2944 rnibi
1058 2899 1132 2952 Pater,
1155 2899 1183 2945 ad

223 2957 443 3024 discipulosabiisier
719 2977 755 3010 me
771 2961 856 3018 veniet;
879 2970 902 3008 et
917 2978 969 3008 eum
987 2963 1024 3023 qui
1037 2963 1184 3010 venitadme

256 3031 288 3072 25
306 3026 370 3089 (Alia
380 3023 434 3072 verd
445 3025 556 3086 navigioia
572 3025 688 3074 'liberiade
718 3041 856 3086 nequaquam
865 3027 966 3088 ejecerim
977 3026 1036 3074 foras
1046 3044 1052 3074 ι

225 3099 333 3138 venerunt
343 3106 412 3152 prope
427 3090 501 3136 locum
518 3090 579 3135 illum
596 3091 632 3136 ubi
648 3107 688 3136 co·
750 3093 782 3135 38
800 3089 861 3142 Quia
870 3090 973 3136 descendi
986 3106 999 3136 e
1015 3090 1084 3143 coelo,
1102 3097 1126 3136 ut
1142 3105 1172 3136 ex

224 3155 435 3216 mederentpanem
482 3165 594 3215 steaquam
604 3155 688 3216 gratias
718 3167 797 3212 sequar
815 3168 860 3199 non
881 3154 1019 3200 voluntatem
1038 3169 1117 3208 mensu,
1145 3155 1184 3201 ned

225 3221 307 3281 egisset
319 3169 480 3277 nominoio
552 3267 559 3274 ,
719 3217 856 3264 voluntatem
867 3218 914 3278 ejus
925 3218 961 3278 qui
973 3217 1032 3264 misit
1043 3232 1087 3265 me.
1209 3259 1213 3266 .

257 3287 288 3328 24
306 3283 382 3338 Quum
394 3283 467 3342 igitur.
479 3282 581 3342 inquom,
598 3281 689 3328 vidisset
751 3284 783 3329 59
801 3280 866 3326 Haec
883 3289 917 3327 est
934 3289 1007 3327 autem
1023 3281 1126 3326 voluntas
1136 3281 1185 3340 qiua

225 3348 287 3394 turbo
305 3347 384 3394 Jesum
404 3346 448 3391 illie
469 3360 514 3392 non
538 3361 593 3398 esse,
617 3361 689 3405 neque
718 3345 755 3404 qni
767 3345 826 3390 misit
837 3359 879 3398 me,
896 3346 921 3390 iu
932 3353 970 3399 est,
989 3345 1068 3398 Patris,
1085 3345 1185 3405 utquie-

226 3411 344 3470 discipulos
359 3412 413 3471 eJus,
430 3409 523 3471 ingressi
541 3416 631 3454 suntet
647 3408 688 3471 ipsi
719 3408 771 3469 quid
792 3408 845 3453 mihi
867 3408 957 3462 dederit,
979 3424 1024 3454 non
1044 3409 1134 3469 perdam
1158 3420 1185 3456 ει

226 3483 247 3520 ln
259 3475 353 3534 navigia,
370 3481 393 3520 et
410 3480 518 3520 uenerunt
536 3471 687 3534 Cnpernaurn·
718 3487 752 3525 eo,
769 3473 808 3518 sed
824 3473 927 3518 suscitem
944 3472 997 3518 iilud
1013 3473 1036 3519 in
1053 3472 1130 3518 ultimo
1147 3471 1185 3520 iun

225 3552 268 3590 nm,
280 3545 410 3598 quaerentes
420 3535 506 3584 Jesum.
718 3535 761 3582 die.

256 3603 287 3648 25
305 3601 338 3647 Et
345 3616 372 3646 eo
381 3602 472 3647 invento
480 3608 616 3654 transmare,
625 3599 688 3646 dixe·
750 3602 783 3644 40
801 3597 865 3644 Haec
876 3605 910 3646 eat
920 3607 994 3645 autern
1011 3599 1114 3646 voluntas
1129 3599 1184 3658 ejus,

226 3676 277 3710 runt
298 3663 325 3716 ei,
342 3663 419 3719 Rabbi,
436 3664 524 3725 quando
547 3664 589 3712 hue
608 3679 687 3726 perve-
719 3662 754 3772 qui
767 3662 827 3708 misit
837 3677 879 3716 roe,
897 3669 922 3709 ut
941 3663 1014 3710 onmis
1027 3663 1064 3724 qui
1077 3663 1183 3724 eonqrieit

227 3725 297 3774 niati?
732 3723 808 3779 iiiam,
824 3733 848 3772 et
858 3725 927 3774 eredit
941 3726 963 3774 in
979 3741 1036 3774 eum
1055 3727 1133 3774 hm
1150 3727 1182 3772 vi·

1134 3803 1141 3822 2

453 3780 496 3823 110
