2756 4320
634 399 751 458 LUCA,
770 399 844 449 xnt

290 507 321 549 38
339 503 404 550 Tunc
413 506 523 559 clamavit,
533 506 615 560 dicens,
624 505 687 562 Jesu,
695 505 726 552 lili
793 509 820 552 11
834 509 851 567 1
865 506 931 554 Haec
940 515 1013 554 autem
1021 507 1073 570 ipsis
1080 509 1223 566 audientibus

262 567 360 621 Davidis,
373 569 538 616 misereremei.
758 585 861 632 pergens,
884 571 939 617 dixit
961 573 1093 634 parabolam,
1116 589 1144 620 eo
1166 573 1225 635 quot

289 635 322 678 59
339 631 372 676 Et
387 634 423 692 qui
442 634 560 694 praeibant,
581 634 726 696 objurgabant
759 642 820 680 esset
830 650 899 696 prope
918 635 1107 696 Hierosolymam,
1127 637 1151 684 'et
1166 637 1225 700 qudd

260 710 308 740 eum
321 701 345 740 ut
356 695 445 742 sileret:
465 697 512 758 ipse
522 694 576 744 verd
590 699 661 743 multo
678 713 726 744 ma·
758 705 862 759 putarent
877 698 925 746 fore
943 707 966 745 ut
984 701 1043 747 illico
1062 717 1156 762 regnum
1179 701 1225 750 Der

258 759 293 819 gis
309 758 421 814 clamabat,
440 760 483 806 Fili
502 759 604 816 Davidis,
623 763 728 810 miserere
759 771 880 824 appareret.

260 822 310 869 mei.
794 830 823 870 12
841 826 907 872 Dixit
915 843 977 888 ergo,
991 827 1069 874 Homo
1081 829 1169 889 quidam
1181 847 1213 877 no

290 891 322 932 40
337 885 405 934 Jesus
420 895 571 948 autemquum
589 889 728 944 substitisset,
759 889 807 935 bilis
818 891 929 951 profectus
947 900 981 937 est
998 892 1021 937 in
1042 895 1156 954 regionem
1174 895 1225 941 loa·

259 951 323 1006 iussit
333 967 384 997 eum
396 953 474 998 adduci
486 954 514 998 ad
525 968 562 998 se:
582 960 605 1000 et
621 969 690 1014 quum
707 951 728 1002 h
758 953 871 1014 ginquam,
892 961 916 1000 ut
937 957 1046 1017 acciperet
1064 958 1102 1003 sibi
1123 973 1226 1020 regnum,

258 1013 460 1076 appropinquisset,
473 1017 619 1078 interrogavit
629 1033 688 1071 eum,
758 1031 784 1062 ac
796 1024 949 1064 reverteretur.

276 1083 320 1124 ’41
340 1079 433 1134 Dicens,
455 1080 518 1135 Quid
529 1081 567 1126 tibi
578 1081 613 1127 vis
628 1079 726 1132 faciam?
793 1085 823 1126 15
841 1081 932 1128 Vocatis
956 1091 1030 1129 autem
1058 1083 1133 1130 decem
1156 1087 1227 1132 servis
1294 1111 1300 1120 a

262 1141 302 1188 llle
321 1141 374 1190 verri
391 1145 452 1201 dixit,
476 1144 583 1201 Domine,
606 1151 632 1191 ut
652 1145 725 1192 visum
758 1144 810 1198 suis,
828 1145 887 1192 dedit
898 1146 930 1192 eis
941 1146 1017 1192 decem
1036 1147 1113 1202 minas,
1132 1157 1155 1194 et
1170 1151 1227 1198 dixit

260 1207 369 1267 recipiam.
758 1209 796 1263 eis,
809 1209 1044 1270 Negotiaminidonec
1055 1211 1149 1258 veniam.
1226 1213 1229 1218 ‘

292 1274 324 1316 42
341 1271 374 1317 Et
384 1271 451 1318 Jesus
462 1271 518 1318 dixit
528 1272 555 1327 ei,
570 1271 673 1336 Recipite
690 1273 725 1320 vi·
792 1275 822 1318 14
840 1271 909 1321 Cives
919 1281 993 1320 autem
1004 1277 1051 1336 eJus
1062 1276 1154 1322 oderant
1166 1293 1226 1334 eum,

259 1349 324 1380 snm:
344 1335 399 1382 fides
410 1338 596 1383 tuateservavit.
757 1335 908 1398 miseruntque
928 1338 1063 1400 legationem
1088 1347 1140 1401 post
1166 1357 1227 1398 eum,

293 1403 326 1442 4⁵
343 1397 406 1445 lllico
417 1400 486 1461 igitur
502 1401 575 1447 visum
595 1401 684 1462 recepit,
699 1417 726 1448 ac
757 1400 862 1456 dicentes,
880 1401 993 1448 Nolumus
1003 1403 1062 1449 hunc
1074 1419 1168 1466 regnaut
1184 1422 1225 1453 su·

259 1463 390 1521 aequebatur
410 1479 462 1510 enm
483 1463 611 1526 glorificans
628 1465 722 1512 Deum:
756 1480 796 1526 per
807 1480 855 1512 nos

258 1532 281 1570 et
292 1532 352 1572 totus
362 1527 463 1589 populus,
483 1544 552 1589 quum
568 1530 609 1576 lroc
626 1529 724 1585 vidisset,
791 1532 820 1575 15
837 1529 870 1576 Et
880 1527 963 1577 lactum
975 1537 1009 1577 est
1023 1531 1095 1592 quurn¹
1111 1533 1224 1592 rediisset,

259 1589 333 1636 tribuit
344 1590 431 1638 laudem
440 1591 500 1639 Deo.
756 1589 936 1656 accepto'regno,
948 1601 996 1640 tum
1003 1595 1072 1657 jussit
1082 1598 1156 1644 vocari
1174 1614 1223 1645 ser-

590 1665 594 1669 '
756 1671 797 1704 vos
808 1657 858 1703 illos
869 1659 935 1713 adse,
947 1660 1025 1719 quibus
1034 1660 1124 1707 dederat
1129 1677 1224 1723 pecuar-

404 1718 478 1768 CAP.
506 1719 579 1767 XIX.
756 1735 809 1776 am3
826 1727 851 1767 nt
862 1729 1008 1783 cognosceret
1019 1723 1067 1784 quis
1080 1725 1133 1784 quid
1149 1741 1224 1789 aego-

269 1785 357 1884 JES
367 1787 392 1832 U
398 1787 415 1832 S
424 1791 497 1832 autem
506 1785 620 1848 ingressus
627 1785 724 1842 Jericho,
756 1785 831 1831 tiando
843 1786 982 1833 coniecisset.

260 1857 270 1880 '
324 1850 435 1897 transibat.
791 1852 820 1895 16
836 1849 917 1896 Adfuit
935 1857 1009 1898 autem
1027 1851 1119 1913 primus,
1137 1854 1222 1910 dicens,

291 1923 306 1964 2
324 1914 357 1962 Et
367 1929 425 1968 ecce,
437 1914 524 1974 quidam
534 1913 624 1962 nomine
632 1921 725 1962 vocatus
757 1911 864 1968 Domine,
876 1913 936 1961 mina
947 1922 985 1962 tua
995 1916 1072 1962 decern
1082 1917 1200 1965 lucrifecit.

260 1981 392 2033 Zacchaeus,
409 1979 479 2038 etqui
490 1979 597 2040 magister
610 1979 724 2041 eratpub·
790 1980 819 2025 17
836 1979 882 2025 Ille
903 1985 976 2025 autem
999 1980 1030 2026 ait
1051 1981 1078 2034 ei,
1102 1980 1166 2028 Beue
1181 1991 1223 2036 est,

260 2049 387 2096 ticanorum,
399 2057 425 2088 ac
436 2043 454 2088 is
465 2043 527 2088 dives
538 2049 598 2088 erat:
701 2087 702 2091 ,
757 2056 820 2086 serve
841 2042 914 2098 bone;
942 2044 994 2103 quia
1014 2044 1037 2089 in
1053 2045 1145 2091 minimo
1163 2046 1224 2095 suun

291 2105 474 2166 astudebatque
493 2106 568 2152 videre
591 2121 641 2166 quis
666 2113 726 2154 esset
756 2103 832 2160 fidelis,
855 2107 934 2153 habeto
953 2115 1084 2168 potestatem
1099 2109 1122 2154 in
1146 2109 1224 2157 decern

260 2173 342 2221 Jesus:
362 2185 403 2214 nec
415 2177 500 2230 poterat
510 2185 563 2231 prae
579 2167 649 2226 turbd,
666 2169 726 2232 quod
757 2169 827 2215 urbes.

259 2233 343 2284 staturi
353 2249 433 2294 parvus
444 2241 509 2280 esset.
791 2237 819 2278 18
837 2233 870 2280 Et
880 2233 936 2281 alter
946 2236 1013 2295 venit,
1026 2236 1106 2290 dicens,
1116 2235 1223 2294 Domine,

290 2305 307 2346 4
324 2300 474 2346 Praecurrens
494 2297 563 2360 igitur
581 2299 680 2346 ascendit
702 2301 725 2346 in
756 2297 817 2344 mina
827 2299 971 2345 tuaconsecit
981 2301 1162 2360 quinqueminas.

259 2379 407 2426 sycomorum,
429 2370 453 2409 ut
471 2379 523 2409 eum
540 2363 643 2420 videret3
668 2379 725 2424 quo·
792 2365 820 2409 19
837 2361 1024 2410 Illeverdetrsti
1035 2365 1096 2418 dixit,
1115 2365 1151 2411 Tu
1165 2381 1223 2427 qno·

200 2475 201 2478 ,
258 2429 521 2476 niaminturumeratut
541 2427 591 2474 illac
618 2429 734 2474 manaret·
758 2429 1125 2488 quepraeestoquinqueurbibns.

290 2497 306 2542 5
324 2491 358 2540 Ut
368 2501 442 2539 autem
453 2492 515 2537 venit
525 2491 553 2538 ad
570 2507 621 2537 eum
642 2492 723 2546 locum,
790 2493 821 2535 20
838 2490 870 2536 Et
881 2491 937 2537 alius
945 2493 1013 2546 venit,
1024 2493 1106 2546 dicens,
1115 2492 1223 2550 Domine,

258 2559 380 2620 suspiciens
395 2556 462 2604 Jesus
480 2555 535 2601 vidit
553 2571 611 2608 eum,
631 2562 654 2602 et
670 2556 726 2602 dixit
757 2568 810 2599 ecce
821 2555 882 2602 mina
892 2563 931 2602 tua
941 2571 1006 2616 quarn
1018 2557 1082 2602 habui
1102 2555 1221 2618 sepositam

258 2623 286 2676 si,
314 2621 432 2673 Zacchaec,
465 2619 572 2664 sesbasar
599 2619 722 2667 descende:
757 2617 895 2676 insudario;

259 2685 323 2730 hodie
334 2685 392 2730 enirn
404 2684 462 2729 domi
472 2689 522 2728 tuae
533 2688 620 2744 oportet
630 2698 666 2730 me
677 2698 725 2730 ma·
789 2685 817 2727 21
837 2682 913 2730 Timui
924 2684 983 2730 enim
995 2691 1024 2739 te,
1041 2681 1100 2745 qudd
1110 2685 1178 2731 borno
1194 2683 1222 2733 sit

261 2763 320 2794 nere.
758 2753 873 2793 austerus:
893 2747 966 2794 aufers
984 2749 1044 2808 quod
1061 2764 1107 2794 noa
1125 2749 1222 2810 deposu-

291 2817 305 2858 6
322 2810 383 2857 Tum
402 2810 420 2855 is
439 2809 546 2855 festinans
563 2809 682 2864 descendit,
702 2819 725 2858 et
757 2808 800 2862 isti,
812 2817 835 2856 et
843 2812 908 2858 metis
919 2811 978 2872 quod
989 2828 1034 2858 non
1046 2809 1166 2860 seminasti.

258 2875 345 2938 excepit
356 2889 407 2920 enm
418 2873 525 2934 gaudens.
790 2878 821 2918 22
838 2873 898 2921 Tum
910 2876 1011 2923 illedixit
1021 2877 1048 2931 ei,
1069 2875 1108 2922 Ex
1127 2893 1166 2923 ore
1183 2888 1222 2924 tuo

292 2942 306 2986 7
324 2939 356 2985 Et
368 2952 452 2990 omnes,
472 2951 540 2997 quum
551 2937 593 2983 hoc
610 2936 724 2992 vidissent,
756 2939 896 2999 tejudicabo,
916 2955 980 2986 serve
996 2941 1066 2986 male:
1086 2941 1168 2988 sciebas
1186 2957 1223 2988 me

260 3003 432 3054 murmurabant,
452 3000 549 3047 dicentes
566 3015 617 3046 eum
636 3001 724 3062 ingres·
756 3002 869 3048 hominem
887 3011 1000 3049 austerum
1018 3020 1073 3058 esse,
1092 3005 1129 3065 qui
1146 3005 1222 3051 tollam

259 3083 308 3113 sum
320 3083 369 3113 esse
380 3066 407 3112 ad
418 3065 530 3111 hominem
541 3074 687 3126 peccatorem,
699 3073 725 3113 ut
756 3067 815 3124 quod
832 3081 878 3112 non
897 3067 995 3128 deposui
1017 3076 1041 3114 et
1059 3077 1141 3114 metam
1162 3070 1223 3130 quod

259 3132 287 3177 ibi
300 3132 452 3177 diversaretur.
756 3144 802 3174 non
814 3131 936 3178 seminavit

292 3199 307 3240 8
324 3195 423 3242 Adstans
434 3200 508 3240 autern
525 3192 650 3240 Zacchaeus
669 3193 726 3240 dixit
789 3197 819 3238 23
838 3194 914 3248 Quare
925 3195 994 3256 igitur
1004 3211 1050 3242 non
1062 3194 1141 3241 dedisti
1153 3211 1221 3258 pecu.

261 3257 369 3311 Domino,
392 3257 460 3310 Ecce,
483 3257 596 3303 dimidium
615 3259 724 3304 bonorum
757 3256 816 3303 niam
828 3273 899 3304 meam
911 3259 939 3305 ad
954 3275 1061 3314 mensam,
1079 3268 1102 3306 et
1117 3276 1168 3321 ego,
1180 3276 1221 3308 ve·

260 3337 366 3376 meorum,
390 3321 497 3374 Domine,
525 3321 554 3366 do
577 3323 722 3382 pauperibus:
756 3322 826 3373 niens,
853 3337 906 3368 cum
927 3323 1019 3369 foenore
1040 3323 1110 3384 ipsam
1132 3325 1221 3386 exegis-

258 3391 282 3432 et
303 3387 321 3432 si
343 3385 396 3447 quid
417 3385 511 3445 cuipiam
530 3399 570 3444 per
591 3385 723 3432 calumniam
757 3386 826 3430 semi

258 3451 334 3512 eripui,
348 3449 414 3496 reddo
426 3448 578 3509 quadruplum.
789 3452 821 3494 24
837 3447 870 3494 Et
881 3450 1016 3496 adstantibus
1027 3450 1088 3504 dixit,
1100 3449 1186 3497 Tollite
1197 3453 1222 3496 at

292 3519 306 3561 9
323 3513 390 3560 Dixit
401 3521 474 3560 autem
485 3512 505 3558 ei
514 3511 587 3565 Jesns,
601 3511 678 3559 Hodie
689 3528 724 3560 sa·
756 3527 785 3558 eo
800 3513 890 3561 minam,
907 3522 930 3560 et
944 3515 994 3560 date
1005 3515 1025 3560 ei
1037 3516 1074 3576 qui
1086 3515 1162 3561 decem
1181 3515 1223 3560 nri·

259 3576 293 3622 lus
303 3578 354 3623 lruic
362 3577 436 3622 domui
448 3576 549 3637 contigit,
565 3591 593 3622 eo
604 3573 662 3637 qudd
678 3577 725 3638 ipse
757 3591 797 3622 nas
807 3577 879 3623 habet.

259 3655 345 3700 quoque
356 3639 455 3686 estiilius
466 3639 593 3687 Abrahami.
789 3643 820 3687 25
837 3643 881 3688 Illi
892 3638 944 3687 verd
956 3642 1059 3688 dixerunt
1069 3641 1096 3697 ei,
1114 3641 1222 3698 Domine

293 3706 323 3747 10
339 3702 409 3748 Venit
419 3703 478 3748 enim
491 3703 563 3750 Filius
579 3703 681 3757 hominis,
699 3712 727 3750 nt
757 3704 821 3750 habet
832 3705 908 3750 decem
920 3706 997 3751 minas.

260 3771 349 3824 quaerat
359 3773 381 3811 et
390 3775 464 3812 servet
474 3767 534 3826 quod
543 3767 637 3826 perierat
790 3771 821 3814 26
841 3767 871 3814 rit
878 3771 922 3821 ille,
932 3769 998 3818 Nam.
1006 3770 1088 3829 iuquit.
1096 3769 1145 3816 dico
1155 3771 1219 3818 vobis
