2756 4320
498 397 549 444 st)
566 393 740 448 Romanos„
763 397 794 445 V.

165 497 293 560 lleipatris
305 499 378 546 nostri
388 500 516 554 Abraham,
527 501 634 562 quaesult
831 497 905 550 cAP.
928 500 958 548 V.

164 563 321 624 upraeputio
713 563 912 613 USTIFICATI
933 563 997 628 igilur
1021 579 1050 611 cx
1074 562 1120 618 fide„

197 627 227 670 15
244 625 302 672 Non
313 626 375 672 enim
387 626 507 688 perlegem
517 629 633 689 promissio
731 644 808 690 pacem
820 629 924 675 habemus
935 643 989 691 erga
1003 627 1076 674 Deum
1085 641 1121 690 per

113 741 118 751 Ι
167 689 229 734 malt
240 689 380 742 Abrahamo,
394 704 433 736 aut
444 692 521 736 semini
537 707 591 753 ejus,
609 699 634 738 ut
665 691 789 738 Dominum
799 701 898 738 nostrum
907 692 985 740 Jesum
994 690 1121 740 Uiriatum:

167 753 242 798 haeres
252 762 314 799 esset
325 755 409 809 mundi,
428 755 467 800 sed
479 756 633 817 perjustitiarn
696 759 711 802 2
734 755 779 802 Per
800 771 866 816 quem
886 757 952 802 etiam
974 755 1017 803 fide
1037 755 1123 802 adducd

167 814 224 861 adet
397 848 403 854 -
663 817 745 865 luimus
767 821 789 865 in
811 821 867 865 hanc
888 820 982 880 gratiam
1001 835 1040 880 per
1057 834 1124 878 quam

202 882 232 924 14
248 877 342 925 Etenim
355 881 403 933 sili,
415 881 452 940 qui
464 895 492 926 ex
509 881 559 943 lege
575 891 633 938 sunt,
664 889 754 938 stamus,
768 891 791 930 et
800 883 921 944 gloriamur
936 885 976 928 sub
987 899 1026 944 spe
1040 883 1123 944 glon‘ae

169 943 273 989 taeoedes
284 951 343 997 sunt,
361 944 433 990 inanis
451 944 507 991 lacta
523 954 556 991 est
572 945 633 999 fides,
666 944 719 991 Dei.

169 1019 190 1052 ιι
203 1021 260 1052 vana
270 1008 356 1053 reddita
366 1017 401 1054 est
411 1008 448 1054 illa
462 1010 585 1068 promissio.
696 1013 712 1054 3
729 1008 809 1068 Neque
820 1009 842 1054 id
853 1006 931 1062 solim,
949 1008 987 1054 sed
998 1008 1063 1054 ctiam
1074 1009 1124 1069 glo·

204 1073 233 1116 15
250 1068 312 1116 Nam
323 1071 361 1116 lex
368 1072 423 1117 iram
430 1073 511 1118 efficit:
530 1074 566 1120 ubi
574 1074 634 1120 enim
665 1072 747 1117 riamur
756 1073 782 1118 de
791 1072 950 1125 afflictionibus,
963 1072 1056 1119 scientes
1067 1071 1124 1134 quid

171 1147 214 1178 ann
226 1141 261 1179 est
271 1133 315 1188 lex,
326 1135 355 1181 ini
367 1150 408 1181 nec
419 1136 565 1197 transgressio
575 1145 615 1183 est.
664 1135 754 1182 afflictio
765 1136 902 1181 tolerantiam
913 1135 1009 1190 efficiat3

205 1201 233 1242 16
252 1197 635 1259 Proptereaexfidccstlroereditaa
696 1203 712 1244 4
732 1198 860 1244 Tolerantia
886 1195 940 1244 veni
961 1199 1123 1260 experientior,

173 1266 195 1306 ιι
205 1263 236 1306 ait
251 1276 291 1321 per
307 1263 409 1322 gratiam,
427 1269 452 1308 ιιι
468 1261 532 1309 firma
542 1265 571 1310 sit
581 1280 633 1325 pro-
664 1263 800 1325 experientia
810 1273 883 1309 autem
895 1277 971 1323 spem:

172 1324 247 1370 missio
256 1325 296 1369 toti
306 1326 398 1372 semini:
418 1326 444 1372 id
454 1335 492 1380 est,
505 1342 549 1373 non
561 1326 633 1374 solirm
696 1329 712 1372 5
731 1324 802 1372 Pornl
823 1341 873 1388 apes
895 1342 939 1372 non
961 1325 1077 1387 pudefacit,
1098 1323 1126 1372 erl

170 1388 188 1432 e³
201 1388 260 1447 quod
276 1395 312 1434 est
324 1403 353 1434 ex
368 1389 425 1450 lege,
442 1387 519 1435 venlm
536 1392 601 1437 etiam
613 1391 634 1437 ei
664 1388 723 1450 quod
734 1390 828 1437 charitas
841 1389 884 1435 Dei
896 1389 965 1435 effirsa
975 1399 1009 1436 est
1020 1389 1042 1434 in
1053 1389 1125 1435 cordi·

170 1451 228 1510 quod
246 1461 279 1498 ert
300 1467 329 1497 ex
348 1451 391 1498 fido
408 1452 534 1507 Abrahami,
552 1456 588 1515 qni
600 1464 635 1501 est
663 1454 704 1499 bus
716 1455 796 1500 nostris
805 1470 844 1515 per
853 1455 958 1516 Spiritum
971 1453 1076 1500 Sanctum
1088 1454 1124 1514 qui

176 1523 232 1560 ater
244 1515 344 1560 omnium
355 1517 463 1567 nostrrim.
664 1517 727 1564 datus
738 1526 771 1564 est
782 1519 852 1564 nobis.

205 1581 233 1624 17
252 1580 328 1641 (Sicut
351 1581 456 1640 scriptum
479 1589 519 1634 est,
545 1580 633 1628 Patrem
696 1579 831 1628 6Clrristus
842 1583 907 1636 enim,
918 1597 969 1627 cum
982 1581 1047 1626 nullis
1055 1581 1125 1627 adhuc

170 1643 290 1688 multarum
301 1643 401 1704 gentium
415 1645 518 1690 constitui
536 1643 577 1704 te)
594 1661 633 1692 co·
664 1644 745 1691 viribus
754 1661 858 1698 essemus,
870 1661 911 1692 suo
921 1653 1020 1705 tempore
1030 1660 1071 1706 pro
1082 1645 1124 1690 iur-

170 1721 216 1750 ram
236 1722 264 1752 eo
282 1707 317 1751 cui
335 1708 434 1762 credidit,
455 1707 507 1752 Deo
524 1709 633 1763 videlicet,
664 1709 705 1768 piis
716 1718 816 1754 mortuns
829 1717 869 1755 est.

170 1769 296 1815 vivificante
308 1779 414 1825 mortuos,
432 1778 454 1816 et
471 1780 564 1818 vocante
577 1789 634 1833 quaa
696 1775 711 1820 7
729 1770 851 1830 Enimvero
870 1773 907 1816 six
926 1787 966 1832 pro
983 1773 1046 1832 justo
1064 1769 1124 1830 quia·

169 1848 215 1878 uon
226 1840 279 1878 sunt
290 1841 393 1894 tanquam
405 1834 464 1880 sint:
663 1850 730 1894 quam
746 1836 868 1890 moriatur;
890 1849 940 1880 nam
957 1849 997 1894 pro
1008 1834 1067 1878 lrono
1078 1835 1126 1878 viro

163 1940 167 1948 ,
204 1900 233 1941 18
251 1896 304 1950 Qui,
317 1899 471 1951 dimicamus,
486 1905 563 1944 contra
571 1915 633 1960 spem
664 1899 755 1943 forsitan
767 1898 844 1958 aliquis
854 1899 919 1943 etiam
931 1897 987 1941 mori
999 1896 1112 1942 sustineat.

161 1957 210 2004 *sub
229 1975 269 2021 spe
284 1961 382 2016 credidit,
406 1961 455 2007 sore
470 1970 495 2007 ut
509 1962 556 2022 ipsc
571 1963 635 2009 lieret
697 1966 711 2007 8
730 1959 878 2008 Commendat
898 1968 973 2006 autem
991 1973 1053 2006 snam
1072 1974 1125 2020 erga

168 2031 232 2084 pater
250 2023 368 2070 multarum
385 2025 495 2086 gentium,
513 2024 633 2072 secundum
665 2040 706 2070 nos
717 2026 844 2071 charitatem
857 2025 928 2078 Dens,
945 2021 972 2069 ed
989 2020 1125 2083 quridquum
1149 2046 1155 2056 ν

169 2087 478 2147 idquodeidictumfuerat,
496 2087 533 2135 Ita
547 2090 633 2136 eritse·
664 2089 734 2136 adhuc
753 2105 852 2135 essemus
870 2097 1001 2152 peccatores,
1023 2085 1126 2134 Christus

169 2159 302 2198 meatuum.
632 2175 633 2180 ¹
664 2153 935 2213 pronobismortunssit.

203 2219 233 2262 19
250 2216 286 2261 Ac
297 2211 389 2261 minime
406 2214 506 2262 inlirmus
522 2214 572 2270 fide,
588 2232 634 2262 non
697 2222 712 2264 9
728 2216 845 2264 Justilicati
857 2217 924 2277 igitur
936 2230 994 2260 nunc
1010 2215 1058 2274 ejus
1074 2228 1124 2259 san·

169 2279 316 2324 consideravit
327 2295 393 2325 suum
411 2279 478 2340 ipsius
494 2295 574 2340 corpus
584 2283 634 2343 jam
664 2280 738 2340 gnine,
761 2280 895 2324 servabimur
914 2276 1071 2337 multomagis
1087 2290 1126 2336 per

169 2352 301 2396 mortuum,
313 2359 383 2402 quum
394 2350 484 2388 centum
496 2343 583 2389 circiter
593 2359 633 2390 na·
665 2358 716 2388 eum
727 2343 754 2388 ab
764 2339 797 2386 ini
808 2341 851 2386 int.

101 2451 104 2454 .
169 2413 268 2452 tuscsset
276 2422 353 2462 annos,
363 2414 539 2464 necemortuum
547 2414 633 2453 uterum
699 2409 729 2451 10
746 2405 805 2450 Nam
818 2405 842 2457 si,
854 2419 921 2463 quum
930 2402 1011 2447 inimici
1020 2415 1125 2453 essemus,

171 2469 243 2515 sarae.
665 2469 797 2514 reconciliati
808 2467 889 2513 fuimus
908 2467 959 2511 Deo
976 2481 1014 2525 per
1031 2472 1124 2508 mortem

201 2538 233 2579 ‘20
249 2533 287 2578 Ad
300 2534 358 2579 lianc
374 2533 544 2592 promissionem
560 2541 633 2579 autem
666 2531 716 2578 Filii
724 2534 777 2594 ejus,
785 2528 932 2590 multomagis
941 2527 1071 2574 reconciliati
1079 2543 1125 2572 ser·

171 2595 215 2642 Dci
224 2613 269 2642 non
280 2597 419 2643 addubitavit
430 2596 571 2643 infidelitate:
596 2599 634 2644 scrl
664 2597 764 2642 vabinrur
775 2610 814 2656 per
824 2595 892 2640 vitam
903 2593 977 2654 ipsius

170 2661 323 2707 corroboratus
340 2659 383 2706 suit
400 2659 449 2714 fide,
467 2659 547 2705 tributi
563 2659 635 2722 gloria
699 2663 725 2704 ll
746 2659 826 2718 Neque
837 2659 858 2704 id
870 2656 948 2710 solrim,
965 2651 1042 2702 verim
1060 2654 1125 2699 ctiam

172 2722 222 2770 lleo
228 2741 236 2781 ;
664 2722 785 2784 gloriamur
794 2723 821 2767 de
830 2720 882 2768 Deo
891 2737 930 2782 per
940 2718 1063 2765 Dominum
1073 2733 1125 2762 noa·

200 2791 228 2833 21
250 2791 286 2833 Ac
307 2781 374 2849 pleni
397 2801 524 2847 persuasum
546 2787 634 2842 habens,
665 2795 723 2832 trum
745 2786 824 2834 Jesum
847 2783 968 2837 Christum,
996 2797 1034 2842 per
1059 2797 1125 2840 quem

168 2865 218 2896 eum
229 2852 289 2912 quod
300 2851 440 2913 promiserat,
451 2865 516 2912 posse
527 2850 593 2895 etiam
601 2851 634 2896 la·
665 2865 724 2896 nunc
735 2849 934 2895 reconciliationem
950 2847 1078 2904 recepimus.
1179 2852 1185 2858 '

169 2929 225 2960 cere.
488 2951 490 2956 .
631 2909 634 2914 ’
699 2918 728 2959 12
746 2913 873 2971 Propterea,
885 2912 940 2955 sicut
952 2923 990 2967 per
1002 2921 1070 2950 unum
1085 2907 1120 2953 lro·

200 2982 232 3023 22
249 2978 395 3039 Quapropter
409 2976 475 3022 etiam
486 2976 528 3022 hoc
540 2976 634 3038 imputa·
665 2977 747 3022 minem
758 2981 873 3036 peccatum
885 2973 907 3016 in
918 2969 1025 3040 mundum
1037 2968 1127 3038 introiit.

169 3050 215 3087 tum
226 3050 261 3088 est
272 3043 293 3088 ei
304 3041 457 3102 adjustitiam.
664 3055 690 3086 ac
697 3054 736 3099 ρει
743 3044 864 3098 peccatum,
876 3047 953 3083 mors?
970 3038 992 3073 θῐ
1002 3036 1034 3101 ,¹²²
1044 3043 1066 3100 {¹¹
1077 3045 1126 3074 ⁰¹¹¹·

201 3109 233 3150 23
251 3104 306 3150 Non
318 3105 471 3164 scriptumest
482 3110 555 3148 autem
568 3117 634 3164 prop·
665 3117 705 3148 nes
724 3099 825 3145 homines
843 3109 904 3140 mors
923 3098 1025 3152 pervasit,
1045 3104 1067 3134 1¹¹
1083 3107 1126 3150 qua

170 3180 264 3215 aereum
277 3166 358 3222 solrim,
376 3164 436 3227 quod
451 3168 493 3212 loc
504 3167 635 3228 imputatum
665 3179 743 3210 omnes
754 3157 880 3221 peccfirunl·

170 3231 240 3278 fuerat
251 3232 289 3287 el;
699 3231 728 3272 13
746 3223 807 3270 Nam
819 3235 888 3280 usque
899 3215 1006 3272 adlegem
1015 3223 1128 3291 pccpatunr

202 3300 234 3340 24
251 3295 296 3341 Sed
308 3293 376 3339 etiam
387 3299 477 3353 propter
493 3307 541 3343 nos,
558 3291 636 3350 quibus
665 3289 746 3337 eratin
759 3284 859 3331 mundo:
883 3287 998 3352 peccatum
1015 3291 1068 3321 vero
1084 3295 1129 3328 em

170 3357 267 3404 lutumm
277 3365 312 3403 est
322 3363 347 3401 ut
355 3358 481 3416 imputetur,
491 3355 518 3399 iis
526 3355 636 3400 nisurum
666 3369 711 3400 non
722 3357 819 3413 putatum
833 3360 878 3392 ⁰⁰¹¹
890 3347 998 3388 &¹³⁹⁰oe
1008 3337 1066 3400 lege·

171 3423 204 3482 nri
228 3422 324 3481 credunt
346 3419 369 3464 iu
391 3433 442 3464 enm
464 3418 501 3476 qui
524 3417 638 3463 suscitavit
700 3420 730 3461 14
744 3401 1130 3479 Regnavitautemmorsaerrlarna

175 3483 248 3530 losum
272 3482 400 3529 Dominum
423 3488 523 3526 nostrum
545 3493 558 3524 a
577 3495 636 3524 mor·
666 3475 770 3538 usquead
784 3473 873 3522 Mosen,
886 3469 1130 3538 lnf⁰⁸²i¹³mq⁰¹¹¹⁰¹¹

173 3550 221 3593 nris,
666 3541 812 3602 peccaverant
833 3533 860 3577 ad
877 3524 1041 3597 similitudmem
1057 3534 1131 3577 trans·

203 3616 233 3657 ‘25
251 3610 299 3664 Qau
311 3607 406 3653 traditus
417 3605 460 3650 suit
470 3604 536 3650 morti
549 3610 638 3663 propter
667 3600 788 3667 gressionis
801 3592 889 3644 adami,
906 3602 944 3648 qm
955 3593 988 3630 0⁸1
1000 3592 1131 3649 transilitur

172 3673 265 3722 ell'cnsas
275 3679 371 3722 nostras,
380 3683 401 3714 er
410 3667 527 3712 suscitatus
535 3667 560 3711 ad
569 3667 638 3714 nostrl
670 3666 706 3724 qui
718 3669 765 3708 erat
775 3660 870 3704 futurus.
944 3696 946 3701 ,
986 3710 991 3720 ·
1049 3715 1055 3726 ι

175 3735 364 3796 justificatorem.
706 3729 733 3774 ιδ
751 3723 841 3769 Αιιιοιι
852 3710 1017 3762 utcffensarta
1026 3721 1131 3766 eum,

400 3788 447 3854 trs
