2756 4320
561 373 726 431 JOANNES.
751 374 807 422 XV.

235 488 267 532 26
283 483 413 531 Adsecutus
431 491 505 531 sutem
527 481 570 535 itte,
592 481 618 527 id
633 487 666 527 est
729 483 744 526 8
762 476 1085 544 Inhicreglonfigetusiuent
1093 478 1160 529 Peter

205 547 299 611 Spiritus
312 548 413 602 &nctus
430 561 496 608 quem
512 545 581 591 mittit
598 543 667 591 Pater
696 558 766 597 meus,
783 550 808 589 ut
823 543 920 588 fructum
934 544 1029 590 multum
1040 544 1160 602 adsuetis,

204 625 225 660 m
237 612 326 658 nomine
336 626 393 664 meo.
410 610 447 656 ille
462 613 506 656 vos'
518 608 605 655 docebit
615 623 665 654 om·
696 616 720 654 et
730 607 790 652 eritis
801 608 844 652 mei
855 607 961 667 discipuli.

204 677 246 729 niu,
262 675 324 722 etin
341 675 469 720 memoriam
481 672 592 720 revocabit
604 672 666 717 vobis
729 676 745 718 9
763 670 833 716 Prout
849 672 925 718 dilexit
942 686 979 717 me
998 670 1071 725 Pater,
1089 673 1123 718 ito
1138 678 1160 719 et

165 777 169 782 ,
204 739 279 786 omnia
289 754 344 800 quse
355 738 400 784 dixi
411 738 480 783 vobis.
696 750 740 796 ugo
751 735 816 780 dilexi
834 751 888 781 vos:
913 747 1000 781 manete
1017 735 1040 782 in
1057 733 1095 782 titt
1112 734 1160 783 mei

235 806 265 849 27
284 802 366 849 Pacem
387 802 486 861 relinquo
503 799 571 854 robis,
589 814 666 860 pacem
697 798 809 845 charitate.

203 867 262 914 'llsm
283 881 356 912 meam
377 865 406 912 do
428 865 505 911 vobisz
535 879 581 910 nou
600 869 667 924 prout
731 865 762 908 10
779 862 802 908 si
824 863 927 909 mandute
945 877 995 908 mea
1013 864 1161 918 servaveritis,

204 929 298 977 mundus
309 930 353 982 det,
364 945 408 990 ego
419 929 449 976 do
459 929 528 974 vobis.
563 927 601 973 Ne
617 936 665 972 tur·
697 926 812 972 ninnebitis
820 927 844 972 in
854 927 960 973 charitate
970 925 1032 983 mei3
1049 928 1105 974 sicut
1116 943 1161 989 ego

204 1002 266 1041 nator
276 1009 315 1039 cor
325 1001 431 1047 vestrum,
443 1007 514 1053 neque
524 991 650 1038 fonnidoto.
698 988 772 1036 Putris
788 991 831 1036 mei
847 991 951 1037 mandute
964 991 1057 1046 semovi,
1073 999 1096 1038 et
1110 1007 1161 1040 uis·
1218 1001 1220 1004 '

236 1057 266 1102 28
283 1057 407 1104 Audivistin
429 1072 466 1102 me
492 1057 573 1102 dixisse
597 1055 666 1110 vobis,
697 1069 740 1100 neo
751 1054 774 1099 in
785 1056 832 1116 ejus
842 1055 954 1102 charitate.

204 1121 275 1175 Abeo,
286 1128 309 1167 et
320 1121 385 1167 redeo
396 1120 422 1167 ud
432 1135 480 1166 vos.
515 1119 667 1181 stringeretis
732 1121 758 1163 ll
779 1117 844 1165 Haeo
860 1117 965 1179 loquutus
981 1133 1029 1166 sum
1046 1118 1116 1173 vobis,
1136 1128 1160 1167 ut

204 1200 245 1238 me,
261 1184 387 1246 gauderetis
399 1185 477 1245 utique
493 1181 550 1244 qudd
567 1183 667 1236 dixerim,
696 1182 803 1243 gaudium
822 1182 876 1228 illud
894 1197 970 1229 meum
988 1183 1011 1229 iu
1029 1183 1092 1230 vobin
1111 1199 1161 1231 mn·

206 1247 337 1294 Proficiseor
354 1248 382 1294 td
400 1247 508 1304 Patrem5
530 1263 581 1293 nam
600 1246 668 1293 Pater
697 1253 755 1300 neat,
779 1254 803 1292 et
822 1246 928 1308 gaudium
950 1254 1049 1294 vestrum
1069 1247 1161 1310 plenum

204 1327 273 1423 ming
284 1318 386 1422 diddo
397 1374 442 1420 dixi
454 1375 522 1427 vobis,
539 1375 666 1436 priusquam
697 1308 761 1420 Μὴ
779 1373 832 1434 Hoc
839 1381 873 1420 est
879 1373 1006 1420 mandatum
1015 1374 1068 1422 iliud
1076 1390 1159 1428 meum,

204 1437 256 1494 iiut;
287 1445 311 1484 ut
330 1453 397 1499 quum
417 1437 500 1484 suctum
521 1438 594 1493 fuerit,
617 1454 666 1484 cre·
697 1444 723 1484 ut
744 1437 839 1500 diligatis
860 1435 896 1486 ulii
917 1438 979 1493 elios,
1006 1446 1073 1500 prout
1093 1439 1160 1485 dilexi

203 1503 267 1549 datis.
697 1517 746 1549 vos.

234 1570 267 1612 50
284 1564 338 1611 Non
349 1565 426 1626 loquar
437 1562 530 1627 umpliris
541 1565 611 1612 muln
624 1582 666 1613 vo·
731 1569 761 1612 13
778 1565 889 1628 Mnjorem
898 1567 1026 1612 charitatem
1035 1567 1108 1613 nullus
1118 1568 1160 1613 bs-

203 1630 301 1676 biseumt
325 1630 387 1676 venit
403 1629 462 1676 enim
478 1630 580 1691 princeps
591 1631 667 1676 mundi
696 1629 734 1676 bet
743 1626 810 1691 qudm
820 1631 892 1684 istum,
907 1631 1049 1692 utquispiam
1064 1631 1160 1678 unimam

204 1694 275 1756 hujus,
298 1694 336 1740 sed
361 1694 384 1740 iu
406 1709 443 1740 me
462 1709 507 1740 nou
523 1695 588 1740 habet
603 1695 666 1755 quic-
698 1695 866 1755 susmdeponnt
877 1710 917 1755 pro
928 1695 1003 1740 unicis
1015 1695 1067 1742 suis.

204 1773 277 1867 tingit·
285 1821 329 1868 Sed
340 1829 366 1868 ut
376 1817 435 1869 misit
445 1821 541 1868 mundus
552 1822 611 1882 quod
623 1838 666 1883 ego
697 1758 898 1883 qude4eudydiieffiddid¹
905 1758 1161 1868 iddinddtisdbidfeoemu

207 1884 295 1932 Putrem
317 1885 403 1947 diligo;
432 1896 455 1932 et
473 1892 539 1947 prout
554 1887 668 1933 mundavit
731 1889 761 1933 15
778 1885 832 1932 Non
854 1883 947 1947 amplids
968 1886 1039 1932 dicem
1056 1902 1096 1932 vos
1113 1901 1160 1932 ser-

204 1950 257 1995 mihi
270 1949 345 2004 Puter,
357 1951 388 1998 itt
396 1949 460 1996 facio.
494 1950 591 2011 surgite,
603 1952 666 1997 abea-
698 1965 746 2004 vos,
770 1951 822 2010 quia
839 1965 917 1996 servus
936 1951 1007 1996 nescit
1025 1951 1077 2010 quid
1095 1950 1161 1998 iaciat

131 2065 139 2080 ι
204 2028 254 2059 mus
264 2013 323 2059 hine.
697 2013 801 2060 domiuus
811 2013 893 2074 ipsius:
918 2029 959 2060 vos
970 2014 1095 2060 autemdixi
1104 2015 1160 2060 ami·

697 2092 743 2131 eos,
759 2077 810 2137 quie
824 2077 899 2124 omniu
913 2093 969 2137 quoe
985 2079 1082 2126 audivit
1094 2077 1161 2126 Patre

360 2137 434 2188 CAP.
457 2138 515 2186 XV.
697 2156 754 2194 meo,
766 2151 819 2187 notu
829 2140 872 2187 seei
883 2142 953 2188 vobis.

263 2202 309 2251 GO
320 2219 369 2250 sum
381 2204 433 2250 vitis
443 2204 481 2250 iliu
491 2220 550 2259 vere,
565 2213 589 2251 et
601 2204 668 2252 Pater
731 2208 761 2251 16
778 2204 833 2250 Nou
844 2221 885 2251 vos
896 2221 932 2252 me
943 2205 1048 2266 elegistis,
1065 2206 1104 2252 sed
1116 2221 1161 2268 ego

282 2283 346 2314 meus
356 2274 391 2314 est
402 2267 499 2330 agricole
508 2269 552 2315 iile.
698 2267 755 2330 elegi
767 2284 814 2322 vos,
826 2277 848 2314 et
859 2270 963 2316 constitui
974 2285 1016 2316 vos
1025 2278 1049 2315 ut
1057 2271 1161 2316 abeuntes

236 2335 252 2378 2
269 2331 366 2378 Omnem
377 2332 490 2394 puimitem
501 2333 524 2379 io
535 2349 571 2379 me
580 2348 625 2378 non
633 2332 667 2378 se·
698 2332 794 2378 fructum
805 2332 887 2385 ieratis,
899 2340 922 2379 et
932 2332 1018 2380 fruetus
1028 2341 1102 2380 vester
1113 2348 1161 2380 mn·

204 2403 289 2442 rentem
311 2396 409 2456 fructum
431 2397 504 2453 tollit3
534 2404 557 2442 et
579 2411 667 2442 omnem
698 2403 764 2452 neat3
784 2403 809 2442 ut
823 2397 926 2456 quicquid
941 2395 1047 2458 petieritis
1063 2413 1076 2444 s
1095 2396 1163 2445 Patre

204 2460 240 2521 qui
252 2460 295 2506 sert
306 2459 403 2506 fructum
414 2468 502 2523 purgat,
514 2468 538 2506 ut
549 2461 599 2522 pius
607 2459 667 2506 truc·
699 2461 721 2506 in
733 2460 823 2506 nomine
834 2476 891 2513 meo,
903 2461 940 2506 det
951 2461 1021 2507 vobis.

205 2524 241 2570 tus
252 2524 343 2570 adseret.
734 2527 762 2571 17
781 2523 846 2570 Haec
857 2525 938 2572 mando
949 2525 1018 2578 vobis
1031 2533 1055 2570 ut
1066 2525 1163 2586 diligetis

235 2591 253 2632 ³
268 2587 320 2635 Jam
331 2603 372 2633 vos
383 2586 432 2647 puri
447 2587 500 2633 estis
515 2594 605 2649 propter
622 2603 668 2633 ser·
699 2587 734 2632 ulii
750 2587 811 2634 elios.

203 2665 293 2696 monem
304 2665 371 2711 quem
382 2651 487 2710 loquutus
495 2665 544 2696 sum
555 2651 625 2696 vobis
733 2654 762 2696 18
780 2651 803 2698 Si
815 2653 911 2698 mundus
922 2668 964 2699 vos
979 2653 1031 2706 odit,
1050 2653 1110 2698 scitis
1125 2667 1163 2700 me

235 2712 363 2760 4Manete
380 2713 403 2759 in
421 2729 464 2766 me,
481 2720 504 2759 et
518 2729 561 2775 ego
573 2714 595 2760 in
607 2714 669 2760 vobis
698 2712 759 2776 priuis
770 2711 836 2775 quidm
848 2717 943 2762 rosillis
954 2717 1005 2763 odio
1016 2717 1120 2762 habitum.

204 2777 311 2824 monebo:
325 2776 668 2839 sicutpelmesnonpotestferre
734 2781 763 2826 19
781 2779 804 2825 Si
821 2794 849 2825 ex
864 2781 948 2827 mundo
964 2781 1048 2834 essetis,
1066 2780 1162 2827 mundus

204 2841 300 2887 fructum
311 2855 326 2886 e
336 2840 461 2901 semetipso,
473 2842 544 2896 idest,
553 2841 594 2888 nisi
604 2857 667 2888 mnn-
699 2842 759 2902 quod
769 2857 834 2888 suum
845 2851 880 2890 est
890 2851 988 2900 amuret;
1006 2845 1058 2904 quie
1068 2841 1121 2890 vend
1132 2859 1162 2890 ex

204 2905 257 2952 serit
267 2905 291 2951 in
302 2905 361 2962 vite;
378 2903 461 2952 iones
471 2919 519 2960 vos,
536 2905 577 2952 nisi
594 2906 617 2952 in
632 2921 669 2952 me
699 2906 784 2952 mundo
801 2921 846 2952 non
863 2909 923 2961 estis,
941 2908 980 2954 sed
995 2923 1040 2968 ego
1052 2907 1110 2968 elegi
1122 2923 1162 2955 voe

205 2969 336 3015 manseritis.
699 2985 729 3016 ex
739 2970 829 3024 mundo,
845 2979 962 3032 propteree
977 2971 1025 3018 odit
1039 2987 1080 3018 noe
1095 2987 1162 3019 muu-

236 3035 252 3080 5
270 3032 323 3094 Ego
335 3048 384 3079 sum
395 3032 453 3087 ritis,
465 3049 506 3079 vos
517 3033 630 3096 palmites:
649 3034 669 3080 is
699 3033 748 3080 dus

205 3097 242 3158 qui
254 3104 329 3143 nranet
339 3097 361 3143 in
373 3113 417 3152 me,
434 3103 457 3144 et
473 3097 496 3144 iu
507 3113 552 3158 quo
562 3113 606 3160 ego
616 3115 667 3144 nsa-
732 3102 764 3144 20
775 3096 915 3144 Mementote
922 3099 1163 3160 sermonisiilinsquem

205 3175 252 3215 neo,
270 3161 305 3207 hic
316 3161 359 3207 sert
369 3161 466 3208 fructum
483 3162 594 3218 multum;
617 3177 668 3208 nnm
700 3162 800 3222 egodixi
814 3163 881 3215 uobis,
895 3162 949 3210 Non
960 3170 995 3210 est
1005 3178 1083 3210 terrui
1093 3165 1163 3224 major

205 3240 304 3271 seorsum
316 3240 377 3271 nme
388 3225 443 3272 nihil
453 3227 546 3287 potestis
557 3225 635 3272 iacere.
700 3226 791 3271 domino
802 3241 849 3271 suo.
884 3227 907 3273 Si
919 3243 956 3272 me
966 3227 1092 3289 persequuti
1103 3236 1163 3281 sunt,

236 3293 252 3334 6
269 3287 321 3335 Nisi
332 3288 381 3350 quis
392 3289 415 3334 in
427 3304 463 3334 me
471 3289 584 3343 manserit,
595 3290 668 3350 ubjee·
700 3297 723 3335 et
739 3304 781 3335 vos
797 3298 971 3350 persequentum
1000 3291 1019 3338 si
1038 3305 1163 3340 sermonem

205 3359 240 3399 tus
258 3361 321 3398 extra
339 3354 436 3406 niueum,
456 3353 530 3398 statim
548 3360 572 3399 ut
586 3353 669 3414 pnimes
699 3367 774 3398 meum
786 3362 936 3410 servaverunt,
948 3363 971 3402 et
982 3361 1080 3402 risuum
1087 3370 1163 3404 serve·

206 3424 301 3462 erest-ut:
326 3417 405 3462 deinde
416 3416 551 3476 colliguntur
566 3417 602 3462 isti
613 3418 668 3476 pal-
700 3416 761 3462 bunt.

206 3481 275 3532 mites,
287 3487 310 3526 et
321 3479 428 3542 inignem
440 3481 575 3543 abjiciuntur,
592 3489 616 3526 et
631 3496 667 3526 ur·
732 3484 760 3525 21
780 3478 824 3525 Sed
840 3482 894 3526 haee
911 3482 986 3531 omnia
1001 3481 1084 3530 facient
1100 3483 1163 3530 vohis

206 3543 263 3588 dunt.
698 3553 788 3604 propter
799 3557 881 3589 nomeu
892 3561 973 3600 meum,
990 3547 1043 3607 quit
1058 3561 1104 3592 non
1120 3562 1163 3594 uo·

236 3608 251 3652 ’1
269 3605 293 3651 Si
312 3606 436 3652 manseritis
455 3606 477 3653 in
497 3622 539 3661 me,
560 3617 581 3653 et
602 3608 669 3654 verbe
699 3611 841 3654 veruuteum
852 3609 889 3668 qui
900 3610 959 3656 misit
970 3624 1006 3656 me

207 3683 254 3714 net
273 3667 296 3713 iu
318 3669 381 3715 vobis
408 3671 535 3722 manserint,
563 3671 666 3732 quicquid
731 3675 762 3716 22
780 3669 804 3718 Si
825 3685 872 3717 nou
889 3673 1000 3722 venissem
1016 3679 1040 3720 et
1056 3672 1163 3733 bqustu

207 3731 322 3782 colurnus,
335 3733 408 3792 petite,
419 3741 442 3779 et
453 3732 490 3778 fiet
502 3735 570 3780 nobis.
697 3750 770 3781 essem
792 3733 831 3785 tis,
847 3744 963 3796 pestutum
979 3752 1024 3783 nnn
1043 3737 1159 3786 batem·

230 2241 244 2287 i
