2720 4312
455 437 475 478 l.
498 432 548 479 AD
566 431 787 488 CORINTHIOS,
806 429 851 478 Xl.

190 541 238 600 26
255 536 351 584 Domini
363 538 425 584 enim
437 553 472 584 est
483 547 541 586 term
556 546 579 585 et
595 539 641 601 pie·
705 545 719 587 9
741 539 820 600 Neque
841 540 900 586 euim
921 541 1024 587 conditus
1045 547 1081 588 est
1101 540 1133 588 uir

177 598 253 648 uitudo
264 603 319 663 ejus.
672 615 762 664 propter
778 605 898 659 mutierem,
916 605 955 651 sed
972 605 1050 651 mulier
1067 620 1135 668 prop·

210 669 240 712 27
257 663 326 719 Quod
338 665 408 725 siquis
420 664 539 711 infidelium
551 683 591 712 uos
603 683 643 712 vo·
674 677 706 712 ter
719 669 797 713 virum.

180 737 220 781 ont,
237 741 259 774 et
270 729 338 775 vultis
351 730 391 783 ire,
409 729 513 789 quiequid
528 731 644 790 opponitur
708 734 737 776 10
755 731 849 792 Propter
860 733 902 778 hoc
918 731 982 778 «loiret
999 732 1077 778 mutter
1093 748 1122 794 po

181 793 248 846 vohis,
259 793 325 846 edite,
337 793 393 838 nihil
403 793 566 854 interrogantes
577 811 643 855 prop·
673 804 774 840 testatem
798 796 876 842 trahere
897 797 920 842 iu
942 797 1019 858 cupite,
1046 805 1133 858 propter

182 857 391 902 terconseientinm.
674 859 772 918 angelos,

213 924 244 964 28
262 921 295 966 At
313 920 382 980 siquis
401 920 464 966 vohis
483 919 568 972 dixerit,
592 919 645 966 Hoc
709 925 734 966 11
756 922 861 968 Attamen
874 923 1135 984 nequevirahuquemn·
1165 930 1166 936 ’

182 982 244 1029 idolis
256 991 375 1030 nisctotum
390 993 428 1038 est,
441 984 543 1037 needhe,
557 993 646 1044 propter
674 984 733 1036 diere.
752 1001 823 1045 neque
840 985 919 1030 mulier
937 987 1018 1047 ubupue
1037 987 1090 1041 uiro,
1112 987 1136 1035 in

182 1046 244 1092 dium
260 1047 298 1106 qui
316 1047 427 1098 indis-orit,
445 1057 468 1093 et
485 1058 575 1108 propter
590 1063 646 1093 con·
676 1047 784 1094 Domino.

184 1111 308 1156 roientiomr
329 1109 423 1156 Domini
440 1111 499 1156 enim
510 1119 544 1157 est
556 1119 614 1158 terro
624 1118 647 1157 et
710 1115 738 1156 12
756 1113 819 1157 Sicut
829 1110 888 1158 enim
900 1112 978 1158 muiior
989 1127 1017 1158 ex
1035 1113 1082 1160 uiro
1098 1107 1135 1168 dut

183 1175 296 1226 oienitudo
306 1175 361 1235 ejus.
675 1175 706 1220 ita
716 1183 739 1220 et
750 1176 784 1220 uir
794 1191 834 1237 per
845 1176 973 1221 mulierumz
997 1177 1073 1224 omnia
1086 1172 1137 1224 νεεδ

216 1242 248 1286 29
266 1236 431 1287 Conscientiam
443 1245 516 1284 nutem
527 1239 583 1292 dien,
602 1253 646 1284 non
675 1253 704 1284 ex
716 1238 776 1284 Deo.

184 1308 251 1354 trum,
271 1302 314 1346 sed
329 1301 386 1347 illius
404 1301 508 1348 alteriusr
532 1317 572 1346 eur
587 1303 646 1348 enim
711 1306 740 1347 15
757 1302 825 1364 Apud
836 1318 876 1348 vos
891 1302 950 1363 ipsos
962 1303 1067 1364 judicate,
1084 1317 1137 1350 rrum

183 1365 272 1410 libertas
289 1380 339 1410 mee
355 1366 471 1412 mmnrmr
488 1367 515 1412 ub
533 1363 575 1412 att
591 1381 646 1411 con·
676 1366 780 1411 docorum
791 1373 826 1412 est
843 1367 957 1413 mulierem
975 1383 1020 1413 uon
1038 1375 1136 1429 opertom

186 1425 292 1474 seientiri?
678 1428 753 1475 Deum
765 1430 845 1476 omre?

215 1496 249 1538 50
265 1492 298 1538 Et
313 1493 330 1538 si
347 1508 391 1554 ego
408 1493 556 1554 pergratiam
572 1493 645 1540 cibum
709 1497 739 1539 14
757 1494 794 1540 rin
806 1511 835 1540 rre
846 1502 924 1541 nature
934 1491 1022 1555 qutddm
1035 1495 1081 1557 ipso
1095 1495 1138 1543 hoo

184 1557 297 1618 participo,
309 1557 416 1602 eurohid
424 1557 504 1617 impius
510 1557 599 1619 judicor
607 1572 647 1618 pro
676 1573 716 1603 sos
733 1558 803 1612 docet,
820 1555 879 1618 qudd
896 1559 943 1604 uiro
959 1554 1047 1620 quidem
1062 1574 1138 1606 tomo·

185 1635 229 1682 quo
239 1635 283 1680 ego
293 1621 376 1680 gratias
385 1619 451 1680 ogo?
676 1627 723 1666 tum
734 1637 782 1667 esse
793 1622 894 1674 dedecori
906 1622 953 1668 sit?

215 1687 245 1728 31
266 1683 320 1729 Sive
331 1684 399 1744 igitur
415 1683 484 1736 editis,
505 1684 552 1729 sive
568 1683 646 1738 bibitis,
711 1689 739 1731 15
757 1683 843 1733 conut
854 1686 946 1740 mulieri,
962 1693 1072 1733 comoros
1089 1701 1138 1732 esse

188 1747 232 1793 n've
250 1747 302 1806 quid
321 1747 397 1801 tacitis,
420 1748 495 1792 omnio
513 1748 535 1792 in
553 1748 647 1808 gloriam
677 1747 749 1793 decori
768 1749 813 1794 sit?
835 1765 886 1794 uam
903 1765 966 1794 coma
978 1765 1017 1809 pro
1029 1749 1138 1796 velamine

186 1810 231 1856 Det
243 1810 314 1856 facite.
677 1811 727 1858 doto
734 1819 769 1857 est
776 1813 803 1856 ei.

216 1879 248 1920 52
266 1873 346 1921 Estote
356 1874 404 1920 sine
418 1873 550 1920 offendiculo
566 1882 589 1920 et
605 1873 647 1921 Ju·
711 1879 740 1921 16
757 1872 824 1928 Quot
836 1875 904 1934 siquis
914 1875 1001 1920 videtur
1013 1877 1138 1921 contentio·

185 1939 250 1991 tineis,
262 1947 285 1984 et
298 1939 397 1992 Graecis,
412 1944 436 1984 et
446 1937 550 1984 eeclesiae
562 1937 615 1984 Dei.
677 1953 714 1984 sus
733 1953 788 1991 esse,
811 1954 852 1984 nos
870 1939 977 1999 ejusmodi
995 1939 1137 1986 consuetudi-

217 2006 251 2048 53
268 2002 417 2063 Sioutetego
425 2017 469 2061 por
485 2002 559 2048 omnio
575 2002 647 2047 omni·
677 2017 728 2047 nem
746 2017 791 2048 non
808 2003 920 2058 hahemus,
942 2017 1014 2063 neque
1034 2002 1139 2050 ecciesiae

185 2065 225 2112 tus
236 2065 318 2126 placeo,
330 2081 375 2110 non
384 2081 492 2125 quaerens
500 2081 571 2111 meam
581 2065 648 2126 ipsius
678 2064 731 2111 Dei.

186 2129 308 2184 utilitatem,
325 2129 364 2175 sed
376 2129 504 2182 multorum,
521 2137 546 2174 ut
556 2145 646 2175 serron·
711 2133 739 2176 17
758 2129 811 2176 Hoc
822 2127 875 2176 verri
886 2131 919 2176 itu
931 2131 1047 2186 denuncio,
1063 2137 1139 2178 utros

186 2205 228 2238 tur.
677 2209 722 2239 non
736 2194 829 2248 laudem,
847 2191 905 2254 qudd
915 2196 1019 2242 oidrlr‘cet
1030 2210 1075 2240 nou
1086 2211 1138 2241 cum

677 2257 937 2311 emolumento,sedcum
945 2259 1076 2304 detrimento
1083 2274 1138 2304 con-

345 2319 421 2368 CAP.
443 2317 488 2366 XL
678 2321 765 2366 venitis.

225 2383 427 2430 MITATORES
439 2384 482 2430 mei
496 2395 574 2439 estote,
592 2384 649 2430 sicut
712 2386 741 2428 18
759 2379 858 2428 Primdm
868 2383 933 2433 enim,
942 2397 1009 2444 quum
1017 2383 1141 2428 convenitis

192 2389 219 2501 l
244 2463 288 2510 ego
304 2446 394 2497 Christi.
677 2447 700 2492 in
715 2444 814 2498 ecclesii,
833 2447 898 2492 sudio
918 2447 1006 2492 dissidio
1024 2447 1139 2494 intervos

220 2515 235 2556 2
252 2511 330 2558 Laudo
350 2508 404 2558 uerd
423 2527 469 2565 vos,
486 2509 571 2565 fratres,
589 2507 649 2572 qndd
677 2525 742 2566 esse3
759 2517 782 2555 et
792 2510 886 2570 aliquam
899 2519 982 2570 portem
993 2510 1067 2556 credo.

187 2575 321 2622 omniames
336 2575 474 2628 meministis,
491 2583 514 2620 et
530 2576 586 2621 sicut
603 2584 648 2622 tra·
712 2578 741 2622 19
759 2572 853 2634 Oportet
874 2575 932 2619 enim
954 2575 1020 2620 etiam
1040 2575 1141 2620 haereses

187 2639 230 2684 didi
242 2640 310 2693 vohis,
321 2640 450 2685 traditiones
462 2639 566 2685 retinetis.
678 2637 736 2684 inter
753 2653 794 2684 vos
809 2653 871 2694 esse;
896 2645 921 2684 ut
937 2639 973 2699 qui
985 2639 1069 2700 probati
1080 2647 1139 2693 sunt,

218 2707 235 2748 5
251 2702 326 2748 Velim
340 2711 414 2748 autern
432 2717 471 2748 vos
488 2701 553 2748 ndsse
571 2700 648 2750 Chris·
678 2701 787 2748 manifesti
798 2701 852 2748 fiunt
863 2703 920 2748 inter
931 2717 979 2750 vos.

188 2774 234 2812 tum
245 2783 294 2812 esse
305 2767 378 2812 omnis
390 2766 429 2812 viri
438 2774 518 2826 osput3
535 2773 600 2826 ceput
609 2781 648 2811 eo·
710 2771 742 2812 20
759 2767 836 2820 Quum
848 2767 915 2828 igitur
926 2768 1049 2814 convenitis
1061 2767 1140 2814 eodem

188 2841 232 2875 tem
253 2830 357 2884 mulieris,
386 2829 474 2886 uirum5
507 2838 573 2890 caput
596 2827 650 2876 verd
678 2829 727 2884 loci,
739 2833 780 2878 hoc
791 2846 836 2876 uon
847 2841 881 2877 est
894 2831 1035 2878 Domirrieom
1046 2845 1140 2878 coenum

188 2892 279 2948 Christi,
293 2893 376 2940 Deum.
678 2895 749 2940 edere.
1185 2897 1188 2903 '

221 2957 504 3003 40mnisviroransaut
517 2957 650 3018 prophetans
716 2962 744 3002 21
771 2957 831 3003 Nam
859 2957 1008 3016 unusquisqne
1029 2957 1139 3017 propriam

188 3030 266 3082 operto
277 3022 354 3082 capite,
366 3021 483 3066 dedecorat
493 3029 559 3082 caput
569 3037 641 3066 suum.
678 3035 770 3066 coenam
781 3027 925 3082 praeoccupat
937 3021 959 3065 in
972 3020 1097 3064 vescendo:
1120 3025 1141 3064 et

220 3087 235 3131 5
253 3084 334 3130 Omnis
352 3080 405 3130 verd
427 3084 505 3130 mulier
526 3100 592 3130 orons
612 3091 651 3130 out
678 3085 713 3129 hie
732 3079 822 3144 quidem
841 3083 916 3136 esurit,
938 3082 974 3128 ille
996 3077 1049 3126 verd
1067 3081 1141 3128 ebrius
1213 3093 1215 3103 ¹

189 3149 322 3210 prophetans
330 3162 375 3194 non
384 3155 461 3208 operto
470 3148 546 3209 capite,
556 3147 650 3194 dedeeo·
678 3157 719 3194 est

190 3221 223 3258 rot
238 3223 304 3272 ospnt
322 3227 403 3258 suurn:
428 3227 478 3259 nam
497 3214 522 3258 iu
538 3227 607 3257 unum
624 3227 651 3258 oc
712 3213 743 3256 22
761 3208 883 3254 Enimvero
895 3223 948 3254 num
959 3207 1038 3254 domos
1049 3222 1093 3253 non
1102 3213 1140 3254 hs·

189 3275 246 3321 idern
257 3283 292 3321 est
302 3290 328 3320 ac
339 3275 357 3320 si
370 3290 417 3321 rosa
427 3281 492 3320 esset.
678 3275 734 3320 betis
745 3273 773 3318 od
783 3272 892 3318 edendum
908 3279 931 3318 et
947 3271 1083 3318 hibendum?
1104 3278 1143 3319 out

221 3344 237 3385 6
257 3339 319 3385 Num
341 3339 359 3384 si
381 3354 425 3385 uon
447 3339 545 3399 operitur
567 3338 651 3392 mulier,
679 3337 793 3384 ecclesiam
807 3335 853 3382 Dei
869 3335 1016 3389 contemnitis,
1033 3341 1056 3380 et
1072 3335 1142 3398 pude-

189 3403 255 3449 etism
267 3401 399 3448 tondeatur:
418 3399 477 3462 qudd
493 3403 511 3448 si
527 3412 590 3464 turpe
601 3417 651 3448 mu·
680 3401 751 3448 facitis
772 3415 811 3446 eos
833 3401 869 3460 qui
892 3414 937 3447 non
957 3398 1056 3446 habent?
1081 3398 1142 3452 Quid

196 3465 235 3512 ieri
248 3466 333 3512 tonderi
346 3473 383 3512 sut
395 3467 446 3518 radi,
458 3466 550 3512 veletur.
681 3467 742 3512 vobis
760 3465 850 3510 dicam?
872 3464 963 3511 laudato
979 3461 1040 3510 ros?
1061 3461 1084 3509 in
1101 3463 1143 3510 hoo
1209 3485 1215 3488 -

222 3535 237 3577 7
256 3529 298 3574 Vir
309 3530 367 3574 enim
380 3543 424 3575 non
436 3531 500 3575 dehet
513 3528 599 3590 operire
615 3544 652 3574 ca·
680 3544 725 3575 non
737 3527 809 3574 londo.

190 3601 236 3656 put,
247 3608 316 3653 quum
327 3594 348 3639 is
358 3593 433 3653 imago
444 3593 471 3638 sit
482 3601 504 3638 et
512 3593 584 3656 glorio
591 3591 650 3639 Deir
714 3596 745 3638 25
762 3591 815 3652 Ego
836 3590 895 3636 enim
917 3587 990 3650 occepi
1009 3604 1023 3636 o
1041 3588 1142 3637 Domino

191 3669 213 3703 st
225 3656 304 3702 mulier
314 3657 385 3717 glorio
396 3657 436 3701 uiri
448 3663 488 3702 est.
502 3653 504 3658 '
681 3655 773 3717 quodxet
784 3654 861 3700 tradidi
873 3653 948 3710 vohis;
966 3651 1090 3702 Dominum
1102 3653 1143 3702 Je-

222 3724 238 3762 8
256 3719 311 3766 Non
329 3720 388 3766 enim
407 3733 442 3766 est
461 3720 494 3766 vir
510 3718 653 3774 exmuliere,
682 3734 730 3765 sum
741 3719 845 3765 videlicet
860 3715 887 3784 eri
902 3728 967 3764 noete
984 3715 1027 3781 qui
1043 3718 1145 3782 pronitus
1218 3713 1219 3716 ’

188 3784 230 3830 sui
240 3783 319 3832 mulier
329 3797 358 3828 ex
374 3798 467 3881 mroi9⁶
681 3791 722 3838 est,
734 3783 843 3844 occepisse
854 3797 949 3845 panemo
