2756 4320
543 420 658 477 ACTA.
682 422 748 472 xvt.

170 539 202 572 ns
211 538 240 570 ex
251 540 299 572 sese
309 529 370 572 viros
381 525 474 570 mittere
490 523 632 571 Antiochiam
694 530 727 572 56
745 526 800 573 Post
815 527 897 588 aliquot
913 539 986 575 autern
1006 530 1053 576 «lies
1071 531 1123 578 dixit

169 603 217 634 cnm
230 587 301 634 Paulo
317 596 340 634 et
355 586 476 644 Barnabd3
493 603 578 647 nerant,
590 587 632 635 Ju·
664 587 779 636 Barnabae
792 590 880 645 Paulus,
901 592 994 639 Raversi
1006 594 1127 642 invisamus

169 651 217 698 darn
226 651 262 710 qui
274 653 474 713 cognominabatur
486 651 599 704 Barnabas,
611 659 634 698 et
663 652 741 698 fratrea
760 661 847 700 nostros
865 657 983 716 oppidatim
1005 657 1027 702 in
1049 659 1126 718 quibus

171 715 244 766 Silam,
255 715 316 761 viros
327 716 445 776 primarios
455 715 513 765 inter
522 715 614 761 iratres:
664 718 845 764 annunciavimus
872 735 996 766 sermonem
1025 720 1124 776 Domini,

201 781 232 822 23
249 776 302 823 Istis
318 794 358 838 per
373 793 452 824 eorum
464 793 553 824 manum
565 779 633 840 scrip·
664 783 780 839 cognituri
789 783 899 840 quomodo
910 799 933 828 sc
944 785 1043 830 habeant.

171 841 211 886 tist
231 841 336 901 Apostoli
347 849 370 886 et
380 843 502 902 presbyteri
513 849 537 888 et
549 841 633 890 fratres.
695 848 727 890 57
745 843 859 891 Barnabae
877 845 930 892 verd
947 848 1062 894 consilium
1080 855 1123 894 ord

171 905 196 949 iis
206 905 243 963 qui
255 912 308 950 suat
319 905 453 951 Antiochiae
464 906 520 951 etin
532 903 596 965 Syrii
612 912 634 951 et
665 921 776 952 assumere
787 923 861 954 secum
878 909 995 965 Jonnnam,
1008 912 1045 971 qui
1060 927 1126 958 voca·

171 968 193 1013 in
206 965 286 1014 cilicia
296 968 404 1022 fratribus,
416 969 454 1029 qui
471 975 523 1014 sunt
538 984 567 1014 ex
576 985 622 1030 gen
664 971 728 1016 hatur
740 970 839 1016 Marcus.

172 1032 235 1084 tibus,
247 1032 348 1078 salutem.
697 1038 729 1078 58
747 1033 830 1080 Paulus
840 1042 914 1080 autem
923 1050 1015 1094 aequum
1025 1038 1128 1083 censebat

204 1098 236 1138 24
253 1095 366 1148 Quoniam
381 1095 488 1155 quosdam
505 1095 593 1141 enobis
609 1111 634 1142 e·
666 1111 717 1142 eum
736 1111 781 1142 non
802 1098 866 1143 simul
884 1113 1002 1152 assumere,
1022 1101 1058 1159 qui
1077 1102 1128 1146 aba·

173 1173 262 1218 gressos
278 1159 401 1204 audiuimus
417 1173 459 1204 voa
475 1156 635 1216 hrrbdsseuer·
667 1160 867 1220 cessissetabipsis
883 1176 912 1206 ex
932 1161 1068 1223 Pamphytta
1087 1177 1128 1210 nas
1150 1193 1152 1198 ·

173 1221 211 1273 bis,
223 1221 378 1268 labefactantes
394 1223 478 1268 animas
494 1230 585 1275 uestras,
602 1223 636 1268 di·
666 1239 744 1268 corum
755 1239 830 1269 comes
840 1225 863 1270 in
875 1225 912 1270 illo
923 1241 989 1286 opere
1000 1225 1085 1271 fuisset

173 1292 255 1338 centes,
281 1287 387 1344 Oyrortere
408 1300 445 1332 vos
461 1287 594 1340 eircumcidi,
613 1293 636 1332 et
698 1291 731 1333 59
748 1287 785 1332 Sic
802 1288 869 1348 igitur
886 1296 937 1334 sunt
956 1291 1084 1343 exacerbati,
1104 1297 1129 1336 ut

174 1363 262 1394 servare
270 1348 359 1409 ligem
376 1350 455 1410 quibus
464 1351 506 1396 hoc
517 1365 562 1395 non
573 1365 632 1395 man·
667 1350 722 1395 alter
733 1351 760 1396 ab
770 1351 838 1396 attero
850 1352 982 1398 discederet:
1002 1361 1024 1399 et
1042 1353 1128 1400 Barna·

175 1412 320 1457 deteramus:
666 1415 712 1468 bas,
731 1422 843 1476 assumpto
865 1415 952 1471 Marco,
974 1417 1088 1478 navigaret
1106 1419 1128 1463 in

206 1477 236 1520 25
260 1474 340 1520 Visum
361 1483 395 1522 est
416 1476 479 1522 nobis
500 1476 637 1522 concorditer
670 1475 787 1538 Cyprum:

175 1541 256 1585 coactis
267 1539 362 1584 delectos
379 1541 440 1584 viros
456 1540 543 1586 mittere
559 1541 586 1584 ad
597 1555 638 1585 vos
699 1545 732 1586 40
749 1541 831 1587 Paulus
843 1540 901 1595 vird,
913 1544 991 1590 allecto
1005 1541 1055 1598 sits,
1071 1545 1128 1592 abitt.

174 1617 225 1648 cum
236 1602 320 1648 dilectis
337 1604 418 1650 nostris
430 1600 532 1650 Bernaba
542 1611 565 1648 et
577 1602 636 1649 Pau·
667 1605 833 1652 commendatus
843 1607 927 1666 gratiae
936 1607 981 1652 Dei
991 1608 1125 1654 asratribus:

175 1666 204 1719 lo,
700 1672 728 1712 41
750 1667 922 1730 Peragravitque
935 1671 1021 1730 Syriam
1033 1687 1058 1717 ac
1072 1669 1127 1717 citt
1186 1711 1188 1716 .

207 1733 238 1775 26
256 1728 391 1776 Hominibus
403 1729 439 1789 qui
451 1737 600 1790 exposuerunt
613 1745 636 1774 a·
668 1731 731 1784 dam,
743 1731 875 1778 confirmans
886 1734 995 1779 ecclesias.

176 1793 246 1838 nimas
258 1809 308 1838 suas
318 1809 358 1854 pro
370 1795 460 1839 nomine
478 1793 572 1839 Domini
584 1809 637 1838 nos-

176 1859 203 1902 tri
214 1856 270 1903 Jesu
282 1855 373 1904 Christi.
819 1855 893 1903 CAP.
916 1857 986 1903 XVI.

208 1924 238 1967 27
257 1920 361 1966 Misimus
372 1936 428 1981 crgo
439 1919 520 1967 Judam
528 1927 551 1966 et
563 1920 638 1974 Silam,
725 1919 882 1966 ERVENIT
904 1931 976 1966 autem
1000 1921 1091 1968 Derbcn
1108 1931 1130 1968 et

176 1985 211 2044 qui
229 1991 253 2029 et
267 1985 306 2044 ipsi
323 1985 383 2030 vobis
399 1985 475 2030 eadem
492 1984 564 2030 verbis
581 1983 638 2030 refe-
757 1982 880 2042 Lystrama
898 1994 920 2030 et
937 2001 995 2039 ecce,
1013 1985 1131 2046 discipulus

178 2053 232 2093 rent.
670 2047 757 2106 quidam
769 2053 815 2092 erat
826 2045 869 2094 ilhc
887 2049 977 2094 nomine
994 2049 1131 2104 Timotheus,

208 2116 239 2156 28
257 2109 337 2156 Visum
349 2117 384 2156 est
390 2110 450 2156 enirn
460 2109 549 2170 Spiritui
558 2110 639 2157 Sancto
670 2111 728 2156 iilius
736 2110 833 2156 mulieris
845 2113 957 2173 cujusdam
969 2113 1066 2160 Judaeae
1076 2113 1130 2159 tide·

177 2189 201 2220 ac
213 2175 282 2226 nobis,
294 2175 391 2234 nequod
406 2171 500 2235 amplids
515 2174 639 2234 imponere·
670 2175 713 2230 lis;
730 2175 797 2235 patris
808 2184 881 2220 autern
895 2177 991 2222 Graeci:

178 2253 227 2283 mus
239 2238 301 2284 vobis
312 2253 368 2284 onus
379 2245 465 2299 praeter
475 2237 598 2284 necessaria
608 2238 639 2284 is-
703 2243 718 2282 2
736 2237 797 2282 Huic
819 2239 905 2284 dobant
919 2240 1068 2284 testimonium
1085 2240 1129 2286 fra-

178 2315 214 2356 ta3
671 2310 716 2346 tres
727 2301 763 2360 qui
775 2299 863 2360 Lysiris
874 2309 936 2347 erant
947 2310 969 2347 et
981 2301 1059 2347 Iconii.

209 2369 241 2412 29
263 2366 377 2420 Videlicet,
396 2371 419 2410 ut
436 2363 561 2410 abstineatis
577 2365 640 2410 abiis
703 2364 1131 2422 5EumitoqueuolnitPaulussecum

90 2466 93 2472 .
178 2428 640 2488 quaesuntimmolatasimnlacriaetoan·
671 2427 793 2496 proticisci:
820 2435 843 2472 et
862 2435 998 2487 assumptum
1019 2443 1070 2473 eum
1089 2429 1132 2473 cir·

179 2493 252 2553 guina,
264 2498 287 2537 et
297 2492 411 2545 suffocato,
423 2499 446 2537 et
462 2492 608 2538 scortatione:
628 2506 641 2537 a
671 2491 781 2543 cumcidit,
793 2497 881 2550 propter
892 2490 989 2538 Judaeos
1000 2493 1037 2551 qui
1053 2492 1075 2536 in
1092 2491 1133 2538 iliis

179 2557 256 2614 quibus
267 2557 285 2602 si
302 2556 364 2602 vobis
380 2555 488 2609 caveritis,
499 2557 555 2601 bene
563 2555 640 2616 agetis.
671 2554 726 2600 locis
736 2563 812 2599 arant:
833 2555 928 2600 sciebant
936 2555 995 2600 enim
1006 2570 1083 2600 onmes
1093 2571 1132 2617 pa-

181 2617 267 2664 Valete.
350 2640 352 2644 ·
673 2625 729 2664 tram
740 2618 787 2678 ejus
801 2618 911 2664 Graecum
920 2633 975 2664 esse.
1058 2639 1060 2644 ·

210 2687 243 2728 50
260 2681 296 2728 itti
307 2682 375 2746 igitur
382 2681 464 2729 dimissi
473 2688 581 2728 venerunt
590 2682 640 2728 An·
704 2685 720 2726 4
738 2681 808 2729 Prout
815 2689 887 2728 autem
895 2683 1055 2744 pertransibant
1063 2683 1133 2735 urbes,

181 2742 289 2799 tidchiam‚
301 2754 324 2792 et
334 2743 411 2792 coacti
418 2746 557 2792 multitudine
569 2746 643 2791 reddi·
673 2747 784 2792 tradebant
804 2747 835 2792 eis
857 2748 963 2792 servanda
981 2748 1079 2793 instituta
1098 2747 1134 2792 illa

181 2810 260 2855 derunt
270 2809 400 2870 epistolum:
672 2825 728 2869 quae
739 2810 826 2856 decreta
840 2809 929 2856 fuerant
945 2812 971 2856 ab
990 2811 1094 2872 apostolis
1112 2818 1134 2856 et
1161 2802 1164 2812 ⁵

211 2877 241 2918 51
261 2873 336 2926 Quam
356 2887 423 2931 quum
440 2872 552 2934 legissent,
571 2873 642 2934 gavisi
672 2875 804 2934 presbyteris
815 2876 851 2933 qui
865 2874 1029 2934 Hierosoiymis
1040 2882 1109 2920 erunt.

182 2943 232 2996 sunt
244 2952 309 2996 super
319 2935 346 2982 ed
356 2937 515 2986 exhortatione.
705 2941 720 2984 5
738 2937 816 2996 Itaque
830 2938 934 2982 ecclesiae
951 2937 1135 2982 contimrabarrtur

212 2999 331 3047 anudas
348 3005 475 3060 quoquest
494 3000 557 3052 Silas,
573 3014 642 3060 quum
673 2999 723 3052 tide,
741 3009 764 3045 et
783 3000 929 3045 exuberabant
947 3013 1040 3044 numero
1061 3000 1135 3057 qrroti·

182 3070 256 3109 essent
273 3071 296 3108 et
313 3063 354 3124 ipsi
370 3063 495 3124 prophetae,
512 3063 582 3112 multo
596 3078 643 3108 aer·
674 3063 716 3110 die
831 3101 833 3106 .

185 3140 248 3172 mone
258 3127 367 3173 adhortati
378 3133 436 3181 aunt,
448 3134 471 3172 et
486 3123 644 3172 coniinndrnnt
707 3130 721 3170 6
738 3127 754 3183 ἵ
770 3120 869 3182 Phrygii
888 3130 961 3168 autem
980 3121 1104 3182 peragrati·
1114 3137 1136 3170 et

185 3189 267 3236 iratres.
378 3241 379 3244 Ἰ
636 3215 638 3220 ·
676 3185 777 3236 Galatica
794 3187 891 3244 regione,
909 3185 1010 3245 prohibiti
1025 3199 1039 3230 a
1055 3186 1136 3246 Spiritu

214 3257 246 3298 55
263 3253 340 3306 Quum
352 3260 425 3298 autem
436 3253 534 3314 egissent
544 3249 593 3298 ime
603 3251 643 3298 ali-
676 3251 758 3298 Sancto
769 3248 829 3309 loqui
841 3263 965 3294 sermonem
977 3247 1023 3292 Dei
1033 3249 1056 3293 in
1068 3248 1130 3295 Asici.

185 3317 292 3376 quamdiu,
312 3316 395 3362 dimissi
416 3323 468 3362 sunt
488 3329 611 3376 cumpace
632 3330 646 3361 a
707 3316 722 3361 7
739 3313 815 3366 Quum
823 3313 935 3358 uenissent
943 3312 965 3356 in
974 3310 1078 3370 Mysiam,
1089 3319 1137 3358 ten·

185 3379 285 3426 iratribus
296 3380 324 3424 ad
335 3379 453 3440 apostolos.
675 3379 750 3423 tabant
761 3377 792 3422 ire
800 3391 877 3421 uersus
887 3374 1029 3435 Bithyniam:
1044 3376 1081 3421 sed
1093 3391 1136 3422 non

181 3485 184 3492 .
216 3446 248 3488 54
265 3443 323 3490 Silae
335 3449 408 3488 tamen
425 3444 497 3489 visum
513 3442 644 3488 estibimn·
676 3442 728 3487 sivit
738 3456 777 3486 eos
787 3441 822 3486 ire
834 3439 935 3498 Spiritus.

187 3520 243 3550 nare.
461 3504 464 3510 ’
709 3509 723 3548 8
742 3501 864 3549 Praeteriti
875 3502 943 3562 igitur
955 3498 1037 3560 Mysid,
1047 3502 1136 3548 descen-

217 3573 247 3614 55
261 3567 344 3614 Paulus
352 3575 424 3613 autem
433 3576 456 3614 et
464 3567 576 3620 Barnabas
584 3583 645 3612 com·
678 3567 757 3614 derunt
768 3565 862 3612 Troada.

188 3632 264 3678 murati
281 3638 333 3677 sunt
349 3631 489 3684 Antiochiae,
506 3629 610 3676 docentes
625 3639 647 3676 et
711 3635 725 3677 9
742 3630 774 3675 Et
785 3629 856 3674 visum
867 3643 907 3688 per
924 3633 1012 3674 noctem
1033 3643 1136 3690 conspee-

189 3695 372 3756 evangclizantes,
385 3711 435 3741 curn
451 3695 499 3741 aliis
509 3695 577 3740 etiam
589 3693 646 3738 mul·
678 3700 770 3739 tumeat
783 3690 865 3737 Paulo:
886 3689 929 3735 Vir
940 3689 1036 3739 Macedo
1052 3694 1137 3754 quidam

192 3763 223 3811 bs,
234 3773 356 3804 sennonem
369 3758 468 3864 Ποιιὲδίηὶ
678 3757 776 3802 adstabat
787 3769 877 3816 precans
888 3768 946 3810 euin,
957 3762 979 3802 et
988 3757 1069 3805 dicens.
1082 3757 1134 3804 Tra·
