2720 4312
440 406 463 448 2,
475 403 525 448 At)
541 399 770 458 TlMOTllEUM,
793 400 814 449 l.

138 529 163 563 ῃ,
185 507 308 560 denuncn,
339 521 371 552 ne
393 503 515 552 eli'erentur
536 504 619 560 animo,
684 509 717 551 20
732 503 858 560 'limotltee
872 503 997 566 depositum
1008 519 1080 559 eetve,
1096 513 1116 550 ot

138 587 207 633 mque
219 587 284 632 spem
298 576 390 632 ponant
407 571 431 615 in
447 568 529 618 diuitiis
545 569 618 615 incer·
651 584 754 616 eversore
764 570 930 631 prosanoe‘illos
946 569 974 616 de
991 571 1055 616 rebus
1071 569 1116 616 iue-

138 637 179 689 tis,¹
190 636 230 682 aed
250 636 275 680 in
293 635 338 680 illo
356 632 412 680 Deo
429 633 489 686 vivo,
506 634 543 692 qui
554 648 619 694 prae-
652 634 716 679 nibus
732 633 847 688 clamores,
864 641 887 680 et
903 635 1054 696 oppositiones
1063 630 1117 680 susc·

139 701 174 747 bet
191 701 257 748 nobis
278 699 363 745 omnia
382 693 474 758 copiose
493 697 521 743 eli
542 696 619 742 fruen-
653 698 779 744 nominatae
790 699 908 744 scientiae:

124 757 206 810 vllum:
686 765 713 807 21
735 761 808 815 Quam
817 763 917 808 nonnulli
940 762 1114 810 raeseferenlee

172 832 202 874 18
222 827 257 874 Ut
268 827 332 873 aliis
342 823 490 878 benesaumt,
506 831 530 870 ut
542 823 619 871 diuites
653 824 784 872 circelidcm
791 824 1025 888 uberrimntsscopo.
1060 826 1110 874 Gra

141 890 184 938 siut
194 893 307 954 operibus
317 890 391 943 bouis,
408 889 484 935 faciles
499 889 621 951 adimper·
654 891 685 954 liu
695 891 724 936 sit
735 897 816 952 tecum.
850 889 933 936 Amen.

142 957 250 1009 tiendum,
261 955 343 1000 facilis
353 953 485 999 convictus:

177 1024 207 1068 19
224 1018 395 1066 Recordentes
405 1016 622 1063 sibifuudamentum
656 1015 695 1064 Au
724 1015 868 1064 Timotheum
889 1016 960 1077 pn'me
986 1017 1054 1064 missa
1078 1017 1121 1066 lull

144 1083 266 1131 hnumio
281 1090 406 1142 posterum,
423 1087 449 1128 ut
460 1081 624 1143 apprehendunt
689 1077 807 1135 laodiceni,
839 1095 896 1141 quae
927 1088 962 1126 est
994 1080 1121 1144 metrqroffi

148 1157 258 1197 uternam
275 1147 339 1194 ‘utrm
352 1146 427 1192 vitam.
691 1143 804 1208 Phrygiae
816 1143 955 1192 Pacatianae.

310 1527 970 1596 PAUL1APOSTOL1EP1STOLA

357 1657 417 1714 An
437 1655 700 1716 Timonnnuru
721 1657 927 1733 secunus.

335 1797 410 1848 cAP.
419 1797 448 1862 ¹l.
691 1805 707 1847 9
724 1799 770 1854 Qui
783 1800 879 1846 servavit
890 1815 938 1854 nos,
949 1808 973 1847 et
982 1803 1072 1848 vocavit
1083 1819 1122 1849 vo·

156 1863 337 1982 PAULUS
349 1864 463 1925 apostolus
473 1861 530 1912 Jesu
542 1861 626 1912 Christi
658 1864 747 1910 catione
758 1862 847 1920 mnctsl3
865 1879 910 1910 non
921 1879 951 1910 ex
961 1866 1063 1926 operibus
1071 1881 1124 1912 nos·

233 1945 274 1990 per
286 1928 425 1975 voluntatem
438 1927 491 1982 Dei,
504 1926 626 1974 secundum
659 1928 706 1981 tris,
723 1927 762 1973 aed
778 1943 807 1973 ex
818 1943 859 1974 suo
870 1929 990 1990 proposito.
1007 1937 1029 1975 et
1045 1928 1124 1991 gratiis,

156 1993 329 2056 promissionem
339 1993 503 2052 vitaequaeeet
512 1993 535 2038 in
548 1990 626 2040 Chn's·
659 2007 715 2052 quae
726 1992 777 2039 (late
787 1989 876 2052 quide-m
887 2000 922 2040 est
933 1994 995 2039 nobis
1006 1994 1028 2040 in
1046 1993 1124 2042 Chris·

157 2065 182 2103 to
193 2056 257 2110 lesu,
659 2063 683 2102 to
694 2055 749 2104 Jesu
761 2065 812 2103 ante
824 2065 923 2118 tempore
934 2058 1058 2104 seculorum
1069 2075 1076 2116 ;

192 2119 346 2166 2'Iimolheo
358 2119 438 2166 dilecto
450 2118 495 2166 lilio
506 2121 536 2166 sit
549 2120 627 2182 grstia,
695 2123 725 2166 10
743 2121 906 2182 Sedpatesecla
917 2137 977 2169 nunc
993 2130 1027 2169 est
1044 2139 1082 2185 per
1099 2123 1125 2170 il-

159 2185 316 2238 misericordiu,
336 2199 387 2244 pax,
407 2199 421 2231 a
439 2184 493 2230 Deo
512 2183 585 2239 Patre,
605 2191 629 2230 et
660 2185 752 2230 lustrem
773 2185 835 2230 illum
858 2185 978 2232 adventum
1002 2188 1126 2234 servatoris

160 2245 255 2296 Christo
267 2247 329 2303 lesu,
343 2245 444 2300 Domino
456 2255 540 2296 nostro.
661 2249 730 2294 nostri
747 2247 803 2295 lesu
823 2246 914 2302 Christi,
932 2247 969 2309 qui
989 2257 1012 2296 et
1030 2260 1125 2297 mortem

194 2317 211 2358 3
229 2312 410 2359 Gratiamlrabeo
419 2311 479 2366 Deo,
491 2307 629 2360 ouiservioi
661 2312 762 2366 abotevit,
780 2318 802 2358 et
818 2313 887 2358 vitun
905 2313 927 2358 in
939 2313 1011 2360 lucem
1022 2315 1127 2374 produxit

161 2378 280 2438 majoribus
286 2392 338 2422 cum
345 2373 400 2437 punit
411 2375 554 2430 conscientii,
563 2382 630 2437 prout
661 2391 687 2423 ec
698 2375 885 2422 immortalitatem
896 2392 935 2437 per
946 2379 1086 2437 euangelium
1097 2395 1103 2424 ε

162 2441 272 2489 assiduam
281 2440 313 2486 tui
325 2440 454 2486 memoriam
467 2447 533 2487 teneo
544 2441 567 2488 in
578 2455 628 2503 pre·
696 2443 722 2485 11
743 2437 815 2500 Cujus
836 2438 902 2485 causi
923 2442 1056 2488 constitutus
1078 2457 1127 2488 sum

163 2505 225 2552 cibus
236 2505 291 2550 meis
302 2513 368 2550 nocte
379 2519 405 2550 cc
417 2504 466 2550 diet
662 2520 706 2566 ego
724 2519 811 2565 praeco,
830 2510 853 2550 et
870 2504 990 2566 spostolus,
1008 2521 1033 2552 ec
1050 2508 1127 2555 doctor

195 2568 367 2615 4Deslderans
389 2574 412 2614 te
436 2569 517 2621 videre,
544 2583 632 2614 memor
662 2569 772 2631 gentium.

165 2641 251 2680 tuarum
273 2633 429 2694 lacrymarum,
452 2640 477 2678 ut
495 2633 577 2694 gaudio
595 2647 630 2680 re·
698 2637 728 2678 12
746 2632 821 2687 Quem
832 2633 861 2679 ob
874 2649 962 2680 causam
979 2643 1001 2681 et
1018 2636 1072 2682 lraec
1088 2651 1128 2696 pe-

166 2697 241 2758 plears
663 2697 722 2744 tior:
750 2698 789 2744 sed
807 2713 853 2744 non
870 2697 973 2759 pudefi03
999 2701 1051 2747 novi
1069 2702 1128 2747 enlm

197 2765 212 2808 ⁵
229 2760 513 2808 Revocansinmemorium
520 2776 569 2807 eam
576 2776 632 2822 quae
663 2763 699 2808 cui
710 2762 846 2817 crediderim,
858 2771 881 2810 et
892 2764 944 2809 mihi
955 2780 1084 2825 persuasum
1095 2772 1128 2812 esi

165 2824 187 2870 in
199 2833 221 2872 te
231 2832 266 2872 cst
282 2840 328 2871 non
345 2825 469 2871 simulatam
485 2825 558 2878 iidem,
576 2841 632 2885 quae
663 2841 714 2872 eum
726 2842 791 2888 posse
802 2827 925 2889 depositum
937 2843 1011 2876 meum
1028 2831 1051 2876 in
1067 2829 1129 2878 illum

165 2889 269 2936 habitavit
279 2886 340 2950 prius
352 2887 375 2934 iu
392 2886 443 2935 aviti
458 2887 497 2935 tul
514 2887 592 2943 Laide,
609 2897 633 2935 et
665 2890 722 2936 diem
735 2906 829 2936 servare.

166 2962 237 3000 matre
258 2951 296 3000 tui
316 2950 420 2998 Eunici:
449 2968 567 3014 persuasus
583 2969 632 3001 sum
700 2958 729 3000 13
746 2953 985 3013 Expressamlormam
1002 2962 1077 3001 teneto
1094 2970 1128 3002 se·

166 3025 240 3064 eutem
251 3014 311 3078 quid
322 3018 345 3062 iu
357 3024 379 3062 te
390 3031 485 3078 quoque.
666 3032 745 3064 norum
757 3031 893 3069 sermonum
907 3031 963 3076 quos
973 3032 987 3063 e
998 3033 1034 3064 me
1044 3019 1131 3075 audisti,

199 3085 214 3128 6
232 3080 309 3138 Quam
324 3081 352 3126 ob
367 3095 455 3126 causam
473 3097 571 3142 suggero
587 3082 633 3135 tibi,
666 3079 1010 3140 cumlideetcharitatequaecst
1019 3081 1042 3126 iu
1052 3079 1130 3130 Chrit-

148 3151 191 3194 ‘ut
209 3146 333 3192 exsuscites
351 3144 435 3190 donum
454 3143 501 3192 Dei
520 3146 580 3206 quod
599 3155 633 3192 cst
665 3151 689 3190 to
700 3144 763 3193 Jesu.

167 3209 224 3257 'rete
234 3225 274 3271 per
285 3208 448 3270 impositionem
456 3224 563 3256 manuum
571 3225 633 3256 mes-
707 3212 737 3254 14
760 3206 901 3254 Praeclarum
929 3207 983 3254 illud
1006 3209 1131 3270 depositum

168 3288 223 3322 rum.
667 3288 731 3319 serva
738 3289 778 3334 per
788 3272 894 3333 Spiritum
904 3271 1010 3319 Sanctum
1019 3275 1055 3335 qui
1068 3274 1132 3326 inhe-

203 3339 217 3385 7
235 3335 291 3384 Non
302 3335 362 3382 enim
374 3337 432 3382 dedit
443 3337 507 3383 nobis
516 3336 581 3384 Deus
590 3337 635 3398 spi-
668 3337 722 3384 bitat
733 3338 756 3384 in
767 3337 837 3384 nobis.

171 3401 236 3448 ritum
248 3400 377 3453 timiditatis,
391 3401 431 3447 sed
442 3402 532 3457 roboris,
549 3411 572 3448 et
582 3403 635 3448 clre-
703 3404 733 3448 15
750 3400 817 3448 Ntieti
829 3401 878 3454 hoc,
890 3397 949 3461 quiid
960 3417 984 3447 se
993 3397 1133 3452 merterinti

170 3465 246 3518 rlletie,
259 3471 281 3511 et
292 3464 393 3510 sanitatis
403 3465 478 3511 animi.
668 3480 789 3512 meomnes
797 3465 833 3525 qui
843 3465 924 3510 suntin
933 3463 1000 3512 Asiis
1020 3481 1048 3512 ex
1056 3469 1133 3528 quibu

202 3531 221 3574 8·
234 3527 272 3576 Ne
292 3528 360 3588 igitur
379 3535 402 3575 tc
420 3529 501 3589 pudeat
516 3529 636 3576 testimonii
669 3537 703 3575 est
717 3528 841 3590 Phygellus
852 3536 875 3574 ct
887 3527 1053 3592 Hermogenes.
1180 3520 1191 3536 ¹

173 3589 266 3639 Domini
279 3592 357 3643 nostri,
374 3607 444 3652 neque
460 3600 482 3639 te
493 3594 573 3654 pudeat
585 3595 634 3647 mei,
703 3597 732 3639 16
751 3591 852 3638 Praestet
863 3593 1034 3640 misericordium
1051 3594 1130 3644 Domi·

172 3655 464 3717 quisumcaptivusipuius3
481 3657 636 3718 sedestopar-
669 3672 711 3702 nus
733 3655 866 3716 Onesiphori
888 3655 1000 3705 familiae:
1029 3663 1132 3720 quonium

173 3721 240 3780 ticeps
259 3719 404 3764 afflictionum
423 3721 532 3782 evangelii
550 3736 578 3767 ex
594 3736 635 3781 po·
669 3737 734 3781 saepe
746 3735 782 3766 me
794 3720 907 3772 recreavit,
918 3729 941 3770 et
952 3730 1054 3772 catenam
1062 3740 1131 3774 mous

173 3781 241 3829 muti-l
253 3781 299 3828 Dui
311 3800 315 3806 ¹
677 3799 714 3831 tou
726 3785 829 3836 erubuitt
