2756 4320
628 423 745 480 LUCA,
769 422 854 472 XXII.

291 537 322 578 ‘23
343 532 390 580 Vae
412 545 486 579 autcm
505 532 677 594 praegnantibus
695 538 719 578 et
750 529 846 590 templo:
866 535 935 574 noctu
946 525 1000 575 verd
1016 529 1101 584 exiens,
1119 545 1203 591 pemao

255 598 381 644 notantibus
397 597 419 642 in
437 597 480 643 illis
493 596 582 644 diebus!
600 597 642 642 erit
658 597 716 642 euim
750 595 809 640 tabat
820 594 842 638 in
853 601 931 639 monte
941 592 978 654 qui
991 601 1083 639 vocatur
1093 593 1207 642 olearum

253 661 370 707 necessitas
381 675 464 721 magna
479 661 502 706 in
516 657 557 706 hirc
577 661 675 722 regione,
695 667 718 706 et
781 662 813 703 38
831 657 863 702 Et
874 663 935 702 totus
946 657 1042 718 populus
1059 657 1157 704 diluculo
1173 673 1212 705 ve·

252 724 468 785 irainpopuloisto.
749 721 822 767 aiebat
844 721 872 767 ad
890 737 948 774 eum,
969 730 994 766 nt
1012 737 1063 766 eum
1086 723 1172 770 audiret
1192 723 1213 770 in

284 791 315 834 24
333 789 363 834 Et
375 789 454 834 cadent
462 789 508 834 acie
519 787 591 849 gladii,
604 796 626 834 et
638 788 718 848 captivi
749 786 840 846 templo.

179 869 185 876 ·
252 852 359 899 ducentur
369 853 391 898 iu
403 867 481 898 omnes
488 861 582 913 gentes:
601 851 717 898 etHiero-

251 916 490 976 solymacalcabitura
504 917 614 977 gentibus,
634 931 715 976 usqne·
894 910 968 960 CAP.
992 911 1079 960 XXII.

250 995 295 1041 quo
307 979 440 1041 impleantur
451 987 552 1042 tempora
559 981 668 1048 gentium.
816 975 1116 1030 PPROPINQUABAT
1139 985 1214 1026 autern

283 1047 315 1091 25
333 1043 399 1090 Tunc
412 1038 480 1090 ¹erunt
499 1045 564 1104 signa
581 1043 604 1090 iu
622 1043 675 1096 sole,
694 1050 718 1090 et
825 1040 907 1086 testum
918 1041 1127 1102 azymorumquod
1134 1043 1215 1090 dicitnr

252 1104 311 1162 buri,
325 1114 348 1154 et
359 1108 445 1164 stellis;
462 1115 485 1154 et
502 1108 524 1153 in
543 1104 601 1154 terni
618 1107 717 1154 anxietas
751 1101 855 1150 Pascha:
966 1129 970 1137 ν

250 1172 352 1234 gentium
364 1173 387 1218 in
398 1173 484 1218 consilii
501 1168 581 1232 inopiis,
600 1179 717 1220 resonante
781 1169 796 1211 2
809 1167 841 1213 Et
847 1167 980 1228 quaerebant
985 1167 1082 1229 primarii
1088 1169 1214 1216 sacerdotes

250 1236 411 1291 ntarietsal03
510 1249 512 1254 ’
748 1232 999 1292 etseribaequomodo
1021 1248 1072 1278 eum
1099 1233 1214 1280 interime·

283 1304 314 1346 26
330 1299 471 1346 Exanrnratrs
482 1299 608 1346 bominibus
619 1295 671 1362 prae
687 1300 716 1346 ti·
749 1302 814 1342 rent:
835 1296 941 1343 timebant
951 1296 1012 1342 enim
1023 1297 1117 1356 piebem.

250 1377 314 1409 more
321 1370 343 1409 ct
348 1365 512 1424 exspectatione
519 1365 632 1410 maloram
639 1379 717 1410 eorum
780 1363 797 1404 5
814 1357 905 1406 Introiit
915 1367 990 1406 autem
1000 1361 1092 1406 Satanas
1098 1360 1119 1405 in
1129 1359 1213 1408 Judam

250 1441 307 1486 qaae
324 1427 429 1472 invadent
450 1427 473 1472 in
495 1427 571 1472 orbern
590 1440 716 1484 terrarum
748 1425 931 1484 cognominatum
945 1423 1081 1478 iscariotem,
1092 1427 1130 1485 qui
1141 1435 1214 1472 erate

250 1505 301 1536 nam
318 1497 439 1552 potestates
454 1491 566 1538 coelorum
585 1493 716 1538 concutien-
749 1502 842 1534 numero
854 1491 944 1535 illoram
956 1489 1079 1535 duodecim.

252 1563 293 1599 tur.
782 1551 802 1596 4'
817 1553 901 1599 Aiuiens
928 1553 997 1614 igitur
1021 1554 1161 1614 colloquutus
1177 1562 1225 1602 est'

281 1621 312 1664 at
330 1617 362 1664 Et
372 1627 425 1664 tuno
436 1619 542 1665 videbunt
553 1617 716 1666 Fidiumhomi-
748 1631 800 1662 cum
819 1617 928 1679 primariis
942 1618 1091 1663 sacerdotibus
1108 1633 1134 1664 ac
1147 1634 1213 1680 prae·

250 1681 284 1728 nis
294 1683 419 1728 venientem
431 1683 454 1729 in
474 1683 532 1730 nube
547 1699 598 1730 cum
617 1683 717 1746 potentia
748 1680 812 1727 tectis
822 1683 911 1741 templo,
922 1682 1216 1744 quomodoipsiseumpro·

249 1759 271 1794 et
281 1744 353 1808 gloriri
363 1744 438 1792 multia.
749 1744 817 1790 deret
950 1757 955 1762 ·
1258 1760 1261 1764 ·

281 1815 312 1856 28
330 1811 407 1865 Quum
418 1821 491 1858 autern
503 1813 557 1860 baec
573 1811 620 1860 fieri
638 1813 716 1876 incrpi-
781 1814 797 1857 5
815 1811 860 1866 Qui
873 1813 944 1873 gavisi
956 1819 1025 1870 sunt;
1042 1819 1065 1859 et
1075 1813 1133 1874 pacti
1144 1829 1168 1860 se
1178 1813 1218 1860 da·

250 1882 295 1928 ent,
308 1876 417 1936 suscipite,
428 1884 451 1922 et
463 1877 557 1924 attollite
575 1878 648 1939 capita
664 1895 715 1926 ves·
748 1881 810 1922 turos
823 1877 842 1921 ei
855 1878 976 1936 pecuniam.

250 1947 290 1992 tra,
302 1941 405 1999 quoniam
417 1942 577 2002 appropinquat
595 1943 715 2004 redemptio
782 1945 797 1986 6
815 1942 867 1999 Ipse
877 1938 931 1986 verd
942 1942 1076 2002 spopondit;
1088 1944 1216 2002 quaerebat-

250 2004 325 2048 vestri.
749 2019 792 2064 quc
803 2006 990 2064 opportunitatem
1001 2021 1052 2052 eum
1064 2007 1216 2068 ipsisftraden-

285 2076 317 2118 29
335 2070 400 2117 Disrt
427 2071 493 2117 etiam
518 2071 551 2116 eis
583 2071 717 2131 parabolam,
749 2067 770 2112 di
782 2069 863 2128 absque
875 2066 945 2116 turbis.

251 2136 365 2195 inquiens,
379 2134 460 2180 Videte
471 2135 537 2180 ticum
549 2141 573 2181 et
584 2149 661 2181 omnes
680 2152 716 2181 ar·
782 2134 796 2178 7
814 2135 829 2192 Ί
845 2132 914 2180 Venit
925 2140 998 2180 autem
1011 2133 1057 2180 dies
1073 2151 1215 2196 azymorum,

251 2199 329 2244 bores:
612 2210 613 2214 ’
748 2211 792 2256 quo
804 2198 918 2256 oportebat
929 2199 1018 2244 mactari
1030 2201 1117 2258 pascha.

282 2267 316 2308 50
333 2261 464 2324 Quumjam
476 2264 589 2310 emiserint
597 2261 668 2324 solen,
679 2279 717 2311 aar
781 2265 796 2305 8
815 2261 880 2307 Misit
888 2261 956 2322 igitur
966 2261 1058 2308 Petrum
1065 2271 1088 2309 et
1095 2262 1215 2318 Joanrrem,

249 2341 288 2373 ear
299 2335 414 2374 tementes
425 2343 513 2388 pervus
524 2329 584 2390 ipsos
595 2329 716 2390 agnoscitis
748 2323 829 2379 dicens,
844 2325 941 2371 Profecti
953 2333 1027 2387 parate
1046 2327 1109 2373 nobis
1127 2329 1215 2389 pascha.

249 2391 294 2438 iam
305 2388 375 2452 propri
385 2407 434 2437 esse
445 2401 550 2438 aestatem
561 2409 567 2438 r
749 2396 773 2434 ut
785 2405 907 2435 vescamur.

281 2459 309 2500 51
331 2453 402 2502 itaer
413 2472 459 2509 vos,
471 2456 650 2516 quumuideritis
662 2458 715 2503 baec
781 2457 796 2500 9
815 2452 858 2514 Ipsi
879 2451 931 2500 verd
949 2453 1053 2500 dixerunt
1068 2454 1095 2510 ei,
1115 2453 1159 2501 Ubr
1179 2471 1214 2502 mr

250 2517 303 2572 fieri,
326 2520 439 2580 agnoscite
461 2517 530 2580 prope
551 2535 601 2566 esse
620 2535 714 2582 regnum
747 2531 850 2578 paremus
861 2517 941 2564 illud?

251 2581 304 2628 Dei.
783 2585 812 2626 to
829 2583 861 2627 At
878 2582 914 2628 ille
931 2581 986 2628 dixit
1003 2582 1042 2636 eis,
1063 2581 1131 2637 Ecce,
1150 2591 1214 2646 post·

280 2649 313 2690 52
330 2645 403 2690 Amen
415 2646 464 2690 dico
482 2647 549 2699 robis,
568 2645 714 2706 Nequaquam
749 2660 815 2704 quam
828 2646 955 2692 introieritis
976 2647 998 2692 in
1012 2648 1094 2700 urbem,
1111 2655 1214 2696 occurret

248 2709 383 2769 praeterierit
394 2709 447 2754 haec
463 2719 523 2755 aetas
534 2725 648 2770 quousque
659 2713 715 2758 irrrec
748 2709 909 2769 vobisquidam
918 2725 987 2770 aquae
1003 2711 1131 2772 amphoram
1151 2713 1213 2774 baja·

249 2774 323 2817 omnin
333 2771 392 2816 facta
402 2771 489 2818 suerint
747 2772 795 2818 lans
804 2790 812 2828 ;
829 2775 945 2833 sequimini
956 2789 1007 2820 eum
1016 2775 1110 2821 domum
1121 2775 1180 2822 illam
1190 2777 1213 2824 in

280 2839 313 2880 55
330 2833 424 2882 Coelum
441 2842 463 2880 et
481 2844 539 2883 terra
557 2839 712 2896 praeteribunt,
746 2852 812 2897 qnam
824 2837 967 2898 ingredietur.

248 2901 316 2946 verba
326 2906 400 2945 autom
411 2913 461 2945 mea
469 2905 606 2961 ncquaqururi
615 2910 712 2962 praeter·
782 2905 808 2946 11
830 2901 861 2946 Et
869 2902 934 2948 dicite
945 2901 1095 2963 patrifamilias
1105 2903 1162 2950 illius
1170 2903 1211 2950 do·

249 2963 317 3010 ibunt
746 2964 803 3019 mus,
818 2964 881 3011 Dicit
899 2966 937 3012 tibi
955 2966 1096 3028 Praeceptor,
1115 2967 1159 3014 Ubi
1177 2976 1212 3015 est

280 3033 313 3074 54
332 3027 418 3076 Cavete
428 3038 502 3075 autem
514 3029 582 3084 vobis,
597 3031 713 3090 nequando
746 3028 899 3082 diversorium,
913 3030 948 3075 ubi
960 3031 1042 3092 pascha
1052 3047 1104 3078 cum
1115 3032 1212 3093 discipu·

246 3101 370 3155 graventur
393 3093 460 3140 corda
481 3101 556 3140 vestra
575 3093 664 3156 crapula
690 3105 713 3142 et
747 3092 933 3140 lismeisedam?

246 3159 358 3211 ebrietate,
378 3164 401 3204 et
411 3158 470 3204 curis
481 3158 546 3220 hujus
557 3158 622 3212 vitae,
642 3167 665 3208 et
677 3175 711 3205 re·
781 3161 810 3202 12
826 3157 892 3204 Tunc
898 3159 945 3219 ipse
951 3159 1083 3206 monstrabit
1088 3159 1151 3206 vobis
1158 3175 1211 3207 coe·

245 3217 313 3282 pentd
324 3222 386 3268 vobis
397 3223 537 3282 superveniat
548 3222 594 3268 dies
605 3223 653 3268 illa
745 3222 849 3267 naculum
860 3237 967 3284 magnum
979 3229 1090 3270 stratumr
1109 3224 1154 3270 illie
1169 3239 1207 3287 pa·

277 3289 309 3333 35
328 3285 388 3332 Nam
400 3293 425 3330 ut
436 3285 526 3344 laqueus
537 3287 626 3332 invadet
633 3287 654 3332 in
662 3303 711 3332 om·
746 3293 792 3332 rate
800 3288 895 3345 pasalan.

245 3350 333 3410 sesqui
350 3350 449 3396 habitant
467 3349 490 3394 iu
510 3349 624 3410 superficie
644 3351 711 3397 totius
780 3353 809 3395 13
827 3349 924 3395 Profecti
933 3347 987 3396 verti
996 3350 1210 3400 inveneruntomnis

247 3423 323 3460 uenae.
743 3413 1204 3477 proutdixerateis3etparaveruntpascbn

276 3481 308 3522 36
326 3477 441 3524 Excubate
463 3477 537 3538 igitur,
564 3476 625 3522 omni
653 3485 710 3523 tem·
779 3481 808 3521 14
826 3477 903 3530 Quum
915 3485 988 3524 autem
1000 3479 1087 3525 adesset
1097 3482 1207 3526 constitu·

245 3553 297 3600 pore
316 3551 421 3602 rogantes
448 3550 473 3586 ut
499 3541 561 3602 digni
588 3542 710 3588 habeamini
742 3548 791 3586 tum
804 3541 958 3601 illudtempus,
977 3543 1091 3598 discubuit,
1109 3551 1133 3590 et
1152 3544 1206 3592 duo·

244 3603 279 3664 qni
290 3603 400 3665 effugiatis
411 3605 544 3668 istaonmia
562 3619 618 3664 quae
635 3605 710 3654 futura
742 3604 813 3650 decim
824 3606 917 3664 apostoli
926 3621 977 3652 cunr
984 3623 1018 3652 eo.

245 3679 301 3718 nura
320 3675 343 3712 et
354 3668 479 3714 consistatis
497 3677 549 3716 ante
569 3667 649 3714 Filium
667 3671 708 3716 bo·
777 3673 805 3716 15
824 3669 856 3715 Et
867 3669 922 3715 dixit
933 3669 971 3723 eis,
985 3669 1104 3716 Desiderio
1121 3669 1201 3718 deside

245 3729 315 3774 minis.
742 3733 788 3778 ravi
800 3734 842 3778 hoc
852 3734 934 3793 pascha
944 3734 1009 3780 edere
1026 3736 1147 3788 vobin-nu.
1164 3749 1196 3785 ru

280 3795 309 3836 37
327 3796 341 3844 ς
359 3791 459 3868 lior-ebat
469 3801 552 3897 9qqrtern
570 3793 665 3841 interdiu
685 3796 707 3842 in
741 3805 829 3854 tequam
841 3801 885 3855 eg'o
896 3797 972 3852 patiar.
