2756 4320
611 371 728 427 Lucu,
752 370 852 418 XVIII.

286 487 313 530 ¹3
331 483 363 530 Et
370 482 505 529 sustulerunt
514 496 600 535 vocem,
609 481 715 534 dicentes,
743 480 804 533 bant,
816 479 947 533 vendebant,
962 479 1095 540 plantabunt,
1113 477 1206 528 aedifica

256 551 305 601 lesu
317 548 429 608 magister,
441 547 546 592 miserere
557 545 635 591 nostri.
746 544 799 590 bant
809 561 815 589 1

285 616 314 657 14
331 611 377 664 Qui
387 625 455 671 quum
464 625 500 657 eos
508 609 605 662 vidisset,
615 609 670 654 dixit
677 608 716 661 eis,
781 611 812 655 29
830 607 883 661 Quo
895 615 968 652 autem
977 607 1012 654 die
1023 605 1068 653 Lot
1077 607 1131 654 exiit
1141 607 1213 656 Sodo-

253 674 350 722 Prosecti
372 674 481 720 ostendite
500 688 541 720 vos
560 672 716 718 sacerdotibus.
749 672 797 725 mis,
815 672 870 732 pluit
882 671 928 732 igni
940 678 963 717 et
974 671 1100 732 sulplruree
1111 673 1181 727 coelo,
1193 679 1216 720 et

253 739 284 784 Et
294 739 376 785 factum
389 745 422 784 est
434 746 458 784 ut
469 737 526 783 inter
542 737 638 783 eundum
656 735 716 797 puri·
748 752 826 782 onrnes
837 735 938 796 perdidit

252 802 309 850 flesti
321 803 372 849 sint.
781 805 814 846 50
831 796 957 846 Secunddm
978 800 1032 845 haec
1051 799 1093 845 erit
1109 801 1156 846 illes
1170 815 1216 860 qua
1276 796 1283 804 ”

205 905 209 921 ,
286 870 315 914 15
335 865 400 914 Unus
411 873 484 912 sutem
494 880 522 912 ex
531 865 589 926 ipsis,
599 872 623 909 ut
633 865 687 909 vidit
694 879 718 909 se
752 864 821 911 Filius
832 863 927 909 bominis
938 863 1061 924 detegetur.

252 938 353 979 sanatum
381 945 437 984 esse,
466 930 563 984 revertit,
590 927 717 990 glorificans
780 932 810 974 31
830 926 858 974 In
871 928 908 974 illo
919 927 954 973 die
965 928 1001 987 qui
1013 927 1113 974 fueritin
1128 929 1218 984 solano,

256 994 331 1057 Deum
341 1009 397 1040 voce
408 991 506 1055 maguis;
749 999 772 1039 et
783 1007 836 1038 rasa
846 993 894 1054 ejus
904 990 928 1036 in
939 988 986 1052 ipsis
996 991 1071 1046 domo,
1083 1007 1112 1038 ne
1122 993 1217 1039 descon-

287 1063 316 1105 lo
334 1058 367 1104 Et
377 1058 470 1119 procidit
481 1057 504 1104 iu
516 1056 593 1104 faciem
607 1056 635 1102 ad
651 1056 718 1117 pedes
749 1057 786 1103 det
797 1057 824 1102 ad
840 1071 868 1102 ea
883 1054 995 1112 tollenda3
1017 1062 1041 1101 et
1057 1055 1095 1116 qui
1112 1057 1135 1102 in
1153 1071 1221 1119 egro,

252 1137 306 1178 eus,
323 1124 407 1184 gratias
423 1121 443 1168 ei
460 1137 529 1183 agens
538 1138 546 1178 ;
568 1130 659 1181 eratque
676 1120 718 1166 iste
750 1120 850 1166 similiter
861 1133 906 1165 non
918 1125 1042 1166 revertatur
1052 1127 1119 1166 retro.

308 1188 413 1234 antenus.
782 1189 815 1230 52
832 1183 982 1230 Memineritis
992 1187 1069 1230 uxoris
1081 1183 1133 1231 Lot

289 1255 317 1299 17
335 1249 483 1312 Respondeas
494 1257 567 1295 autem
579 1247 647 1296 Jesus
655 1247 717 1300 dixit,
781 1253 814 1294 33
831 1248 966 1307 Quicunque
984 1248 1094 1294 studuerit
1119 1249 1218 1298 animoa

256 1315 338 1361 Nonne
360 1315 436 1362 decem
458 1313 488 1358 illi
511 1311 619 1374 parilitati
646 1311 718 1357 sunt?
749 1327 813 1360 susm
829 1326 924 1365 sowere,
944 1312 1021 1372 perdet
1036 1327 1101 1358 mm:
1126 1319 1150 1358 et
1165 1314 1218 1373 qui·

254 1395 335 1425 novem
346 1385 420 1424 sutem
431 1377 462 1422 illi
474 1377 510 1422 ubi
521 1375 596 1423 suut?
749 1391 837 1437 cunque
864 1389 913 1422 eam
940 1376 1064 1436 perdiderit,
1097 1376 1219 1426 vivifimbn

288 1447 316 1488 18
334 1441 389 1487 Non
401 1449 453 1487 sunt
464 1441 544 1500 reperti
555 1440 592 1501 qui
608 1439 718 1493 redierint,
750 1456 807 1488 eant

254 1507 407 1552 attribuerent
417 1505 511 1567 gloriam
522 1504 581 1558 Deo,
593 1503 634 1550 nisi
642 1503 718 1550 alieni·
782 1509 815 1550 34
832 1504 893 1550 Dico
903 1504 970 1558 robis,
979 1501 1015 1550 illi
1023 1511 1088 1551 nocte
1096 1511 1161 1550 erunt
1170 1505 1217 1552 duo

254 1586 314 1632 genu
324 1571 373 1616 iste.
750 1569 773 1615 111
784 1569 842 1616 lecto
854 1584 915 1615 uno:
935 1584 992 1614 unus
1003 1569 1127 1630 accipietur,
1144 1577 1167 1616 et
1182 1570 1218 1616 sl·

289 1638 318 1682 19
335 1634 367 1679 Et
376 1633 430 1679 dixit
439 1633 465 1688 ei,
479 1633 558 1695 Surge,
570 1639 593 1678 et
601 1633 648 1689 abi;
665 1630 720 1678 iides
751 1644 785 1680 ter
796 1633 938 1693 relinquetur.

254 1708 325 1746 tuate
336 1699 440 1744 servavit.
788 1699 820 1744 35
838 1696 906 1743 Duae
923 1707 988 1743 erunt
1005 1696 1114 1743 molentes
1131 1697 1200 1744 simul
1211 1720 1217 1743 1

287 1767 319 1809 20
335 1767 351 1825 1
365 1761 518 1824 Interrogatus
529 1759 719 1808 autemansri·
752 1777 796 1808 uns
818 1761 943 1822 accipietur,
970 1771 993 1806 et
1015 1761 1083 1807 altera
1104 1761 1217 1822 relinque-

256 1829 317 1882 saeis,
339 1828 427 1888 quando
448 1834 567 1873 venturum
588 1833 648 1871 esset
669 1840 721 1886 reg·
751 1836 795 1872 tur.

256 1908 309 1938 num
323 1892 375 1946 Dei,
388 1891 500 1953 respondit
511 1891 549 1945 eis,
561 1898 584 1936 et
592 1890 653 1943 dixit,
666 1887 721 1934 Non
783 1895 815 1936 36
833 1889 888 1936 Duo
897 1897 962 1935 erunt
970 1889 993 1934 in
1004 1904 1072 1950 agro:
1092 1905 1149 1935 unus
1158 1891 1218 1936 acci·

257 1958 331 2003 veniet
347 1970 441 2018 regnum
459 1954 504 2001 Dei
521 1955 552 2000 ita
568 1962 593 2000 ut
609 1953 721 2001 observari
751 1955 829 2016 pietur,
841 1961 863 2000 et
874 1954 929 2000 alter
941 1953 1082 2013 relinquetur.

255 2021 332 2080 possit
783 2022 814 2064 37
832 2016 899 2063 Tune
918 2018 1076 2078 respondentes
1096 2017 1174 2065 dicunt
1189 2018 1219 2073 ei,

288 2087 316 2129 21
336 2082 418 2143 Neque
433 2082 514 2135 dicent,
538 2081 600 2128 Ecce
621 2081 663 2135 blo,
682 2087 721 2126 aut
753 2079 805 2134 Ubi,
825 2080 945 2128 Domine?
969 2079 1021 2142 Ipse
1037 2077 1091 2127 verd
1107 2081 1162 2127 dixit
1178 2083 1219 2138 eis,

256 2163 307 2194 ecce
323 2147 382 2192 illlct
407 2161 460 2192 ecoe
475 2146 541 2200 eninr,
557 2161 656 2208 *regnum
674 2144 720 2191 Dei
754 2145 798 2193 Ubi
810 2161 896 2206 corpus,
911 2145 963 2192 illuc
974 2152 1083 2206 cogentur
1093 2146 1185 2207 aquilae.

256 2211 316 2257 intus
327 2211 418 2256 habetis.

289 2279 321 2321 22
337 2275 405 2322 Dixit
415 2282 489 2322 autern
502 2273 621 2334 discipulis,
639 2273 722 2319 Veniet
888 2273 962 2323 CAP.
986 2272 1085 2321 XVIII.

257 2350 344 2401 tempus
370 2353 439 2400 quum
466 2339 615 2385 desiderabitis
648 2339 722 2384 videre
821 2337 898 2386 IXIT
908 2347 982 2386 autem
993 2339 1026 2385 eis
1041 2339 1107 2385 etiam
1123 2341 1218 2400 parabo-

257 2421 326 2451 unum
341 2419 370 2450 ex
387 2405 462 2451 diebus
480 2402 530 2450 Filii
547 2403 658 2459 bominis;
682 2418 722 2448 nec
851 2403 895 2450 lain
917 2405 962 2450 huc
985 2411 1131 2462 spectantem,
1158 2401 1219 2464 qudd
1275 2433 1281 2438 -

257 2469 364 2516 videbitis.
753 2473 866 2528 oporteret
884 2468 944 2530 ipsos
963 2482 1050 2528 semper
1067 2467 1158 2529 precari,
1176 2483 1220 2516 nec

290 2538 322 2578 25
340 2533 370 2578 Et
382 2533 455 2578 dicent
467 2531 535 2585 vobis,
554 2527 615 2578 Eeo'e
626 2532 667 2584 hle,
684 2537 724 2576 aut
754 2546 834 2594 segnes
845 2547 909 2589 esse;

258 2613 309 2643 ecce
320 2597 379 2642 illle:
401 2599 440 2643 sed
457 2611 485 2642 ne
501 2596 564 2649 abite,
582 2610 653 2655 neque
670 2610 722 2655 pro·
786 2599 802 2640 2
819 2595 912 2650 Dicens,
931 2593 1006 2643 Judex
1025 2594 1114 2656 quidam
1131 2597 1220 2643 eratin

257 2660 380 2720 sequimini.
572 2691 575 2698 1
753 2656 847 2719 quisdam
864 2661 924 2715 urbe,
940 2661 978 2721 qui
996 2659 1073 2705 Deum
1090 2675 1136 2706 non
1152 2661 1220 2708 time·

290 2727 321 2769 24
339 2722 399 2768 Nam
410 2725 466 2769 slcut
477 2722 552 2784 fulgur
563 2737 682 2769 coruscans
695 2737 724 2768 ex
753 2724 795 2778 bat,
808 2739 849 2770 nec
859 2739 984 2785 quenquam
996 2727 1143 2772 reverebatur.

257 2783 305 2833 unii
329 2787 419 2847 regione
445 2801 501 2846 quae
526 2788 567 2833 sub
591 2786 654 2832 coelo
681 2799 723 2841 est,
785 2785 1042 2835 3Eratsuteminilli
1050 2788 1220 2848 urbequaedum

258 2865 280 2896 sn
292 2851 397 2904 alteram,
408 2865 465 2910 quae
476 2851 587 2896 subcoelo
595 2856 636 2903 est,
648 2851 722 2911 splen·
753 2852 820 2898 vidua
840 2868 898 2913 quae
918 2853 980 2900 venit
1001 2853 1030 2898 ed
1050 2869 1109 2906 eum,
1135 2853 1221 2908 dicens,

259 2915 314 2972 det3
337 2914 368 2960 ita
384 2915 427 2960 erit
444 2920 467 2961 et
486 2913 556 2961 Filias
574 2915 669 2961 bominis
688 2915 724 2962 die
754 2916 1140 2964 Wndicameabadversariomeo.

260 2995 308 3026 suo.
785 2978 861 3028 elue
882 2989 955 3027 autern
977 2980 1049 3027 noluit
1067 2997 1106 3042 per
1122 2981 1221 3029 multum

291 3045 322 3091 115
340 3043 384 3090 Sed
403 3040 463 3105 prids
480 3051 568 3105 oportet
583 3059 635 3090 eum
653 3043 722 3090 multa
753 3051 855 3106 tempus:
879 3051 957 3106 postea
972 3041 1027 3090 verd
1043 3046 1099 3092 dixit
1114 3045 1173 3106 apud
1189 3061 1222 3100 se,

259 3109 310 3172 pati
321 3115 344 3155 et
355 3108 465 3170 reprobari
476 3118 567 3170 egente
578 3106 627 3155 isti.
754 3109 805 3156 Etsi
817 3109 895 3156 Deum
904 3124 949 3155 non
957 3109 1031 3164 timeo,
1043 3125 1084 3156 nec
1095 3124 1222 3171 quenquam

293 3177 324 3221 26
339 3173 373 3220 Et
384 3180 450 3234 prout
460 3172 543 3219 factum
559 3173 632 3219 estin
648 3172 725 3218 diebus
753 3189 871 3230 revereor3

260 3236 319 3292 Noa
336 3237 368 3284 its
382 3238 425 3283 erit
440 3238 506 3284 etlam
522 3237 598 3283 diebus
616 3236 665 3282 lilii
682 3237 723 3282 ho·
787 3239 803 3284 5
819 3236 906 3284 Tamen
921 3237 974 3298 quia
984 3237 1107 3284 molestiam
1118 3237 1222 3284 1111111111-

261 3302 333 3348 minis.
754 3301 815 3348 bibet
831 3301 898 3348 vIdua
916 3301 965 3355 ists,
986 3301 1100 3348 uindicsbo
1116 3316 1172 3356 enm,
1193 3317 1223 3348 ne

293 3369 323 3413 27
342 3363 450 3418 lidebant,
467 3364 573 3417 bibebant,
591 3377 671 3409 uxores
683 3363 724 3409 du·
756 3365 844 3412 tandem
856 3365 948 3412 veniens
959 3365 1067 3412 obtundat
1076 3379 1120 3411 me.

261 3430 345 3480 cebant.
362 3437 385 3474 et
396 3429 502 3474 dabantur
514 3435 613 3487 nuptum,
630 3427 658 3474 ad
674 3443 725 3473 eurn
788 3433 804 3476 6
821 3429 942 3476 Aitautem
949 3429 1070 3484 Dominus,
1077 3429 1162 3476 Audite
1171 3434 1222 3492 ’jud

262 3509 331 3552 usque
348 3493 404 3538 diem
421 3507 465 3553 quo
480 3491 565 3537 introiit
582 3491 634 3537 Νοὲ
650 3492 672 3537 in
690 3508 726 3537 ar·
751 3493 822 3556 judex
832 3493 870 3540 ille
879 3493 975 3555 injustus
985 3493 1050 3541 dicat.

264 3571 325 3612 eam;
345 3558 449 3617 venitque
465 3555 578 3610 diluvium,
595 3557 727 3618 et-pcrdidit
789 3560 804 3604 7
822 3556 888 3603 Deus
895 3565 971 3605 autem
982 3573 1027 3604 non
1036 3556 1155 3603 vindicabit
1163 3556 1222 3606 eter-

263 3635 347 3665 omnes.
756 3627 792 3667 tos
804 3636 862 3676 suos,
879 3621 1000 3668 clamantes
1011 3620 1127 3682 adipsum
1144 3621 1181 3668 die
1198 3634 1224 3668 ν.

296 3682 450 3729 assimiliter
471 3683 537 3729 etiarn
559 3689 584 3728 ut
605 3683 683 3730 accidit
705 3684 726 3728 in
757 3691 830 3734 nocte,
857 3686 943 3732 etiamsi
966 3686 1020 3732 iram
1048 3685 1135 3738 differat,
1164 3698 1228 3739 sapor

266 3745 338 3791 liebus
350 3743 411 3800 Iot3
428 3747 527 3847 edeulpnt,
542 3747 649 3801 bibebant,
666 3763 726 3794 eme·
757 3745 829 3808 ipsis?
