2756 4320
324 481 329 485 η
536 419 645 474 ACTA,
669 419 713 475 vt,
736 418 795 468 Vll.

203 529 236 572 55
254 525 289 572 Et
306 526 365 572 dixit
384 526 436 580 illis,
460 525 509 572 Viri
530 524 665 580 israelitae.
715 527 836 575 5Plaeuit
856 535 930 574 cirtem
952 529 988 574 lue
1009 543 1083 574 senno
1105 529 1147 574 tott

175 591 282 636 tttendite
300 591 407 636 animum
428 591 491 636 vobis
510 591 569 652 ipsis,
590 591 650 651 quud
681 593 791 652 praesenti
810 592 960 638 multitudinis
987 599 1011 639 et
1032 591 1147 653 elegerunt

175 655 203 698 ad
214 655 487 707 ismslromiuesottr'net.
504 655 556 715 quid
572 653 650 701 tacturi
684 656 827 716 Stephanum,
849 659 921 703 virum
943 657 1032 718 plenum
1051 656 1095 702 fide
1121 671 1146 702 ae

176 717 230 763 sitis.
683 719 765 780 Spiritu
776 721 865 775 Sancto,
876 729 899 767 et
912 720 1044 782 Philippum,
1053 731 1076 766 et
1089 719 1146 766 Pro·

209 786 241 828 56
259 781 321 826 Nam
329 789 382 827 aitte
388 783 444 827 haec
454 788 553 842 tempora
559 790 650 828 exortus
682 785 781 838 chorum,
793 794 815 830 et
826 785 967 838 Nicanorem,
985 795 1007 831 ct
1018 785 1145 837 'liruonem

177 855 213 891 est
223 845 337 898 'l'lreudas
349 847 427 891 dicens
439 861 463 892 se
473 846 568 906 aliquem
584 861 646 892 esse:
681 856 703 892 et
717 847 856 902 Pamrenrnn,
873 858 895 894 et
913 848 1030 894 Nicolaum
1046 850 1149 910 proselpm

177 909 214 954 cui
223 910 323 955 adhaesit
334 925 442 954 numerus
453 911 551 954 virorum
563 911 650 956 circiter
682 920 728 956 tum
738 913 913 957 Antioclrenscm
924 929 929 956 ι

177 973 411 1034 quadringentorum:
426 973 648 1033 quiimeremtnsest,
713 976 811 1030 6Quos
833 984 957 1021 statuerunt
978 976 1000 1020 in
1027 983 1146 1036 corspeera

178 1047 204 1082 et
215 1051 295 1082 omnes
306 1038 342 1096 qui
354 1038 439 1082 assensi
450 1044 501 1082 sunt
517 1038 536 1082 ei
553 1038 648 1084 dissolu·
680 1040 846 1100 apostolorum3
870 1040 906 1098 qui
923 1053 991 1098 quum
1009 1049 1089 1100 precati
1109 1055 1144 1086 cs·

181 1101 197 1147 c
210 1110 270 1152 sunt,
282 1101 344 1146 etad
354 1101 448 1146 nilrllum
461 1101 548 1147 redacti.
682 1113 737 1156 sent,
750 1103 903 1163 imposuerunt
914 1104 945 1148 eis
954 1118 1040 1148 uranus.

216 1169 248 1212 57
269 1163 324 1210 l‘ost
339 1166 398 1210 hunc
414 1173 506 1211 exortus
524 1174 558 1210 est
578 1165 649 1212 Judas
713 1170 727 1212 7
745 1165 825 1226 Itaque
837 1181 910 1212 senno
924 1166 968 1212 Dei
988 1167 1106 1219 crcscelrst,
1124 1177 1149 1213 ct

180 1227 482 1290 illeGalilaeustemporibns
490 1229 649 1290 descriptionis,
679 1226 745 1276 valde
766 1231 950 1292 multiplicabatur
971 1244 1076 1276 nomenis
1102 1229 1147 1276 dis-

181 1293 297 1338 naverut
307 1292 413 1354 populum
424 1293 519 1338 multum
537 1303 588 1354 post
607 1309 647 1339 se:
681 1294 803 1355 erpulorum
830 1293 1010 1354 Hierosolpnnis3
1035 1293 1154 1354 multaque.

181 1357 282 1417 penitet
293 1356 335 1410 ille,
346 1364 369 1402 et
380 1371 459 1402 omnes
467 1357 503 1417 qui
510 1357 593 1402 assensi
601 1356 649 1402 lue·
680 1359 744 1404 turba
755 1359 893 1404 sacerdotum
904 1358 1039 1404 auscultabat
1051 1357 1108 1406 tidcl.

182 1429 233 1466 rant
244 1420 265 1465 ei
276 1419 367 1480 dispcrsi
377 1428 437 1468 sunt.
713 1426 728 1468 8
746 1422 870 1484 Stephanus
888 1419 947 1475 seni,
967 1423 1045 1484 plenus
1061 1422 1104 1469 tide
1121 1437 1146 1470 ac

214 1487 248 1529 58
267 1482 335 1529 Nunc
346 1484 419 1544 itaque
430 1484 479 1530 dico
496 1485 564 1536 vobis.
581 1484 650 1531 absis·
681 1484 786 1547 potentii,
813 1485 890 1532 edelsm
912 1487 1017 1533 miracula
1038 1496 1060 1533 et
1082 1487 1146 1549 signa

183 1549 225 1594 tite
236 1549 264 1593 ab
274 1548 399 1596 homitibus
410 1548 464 1602 istis,
479 1557 502 1594 et
519 1550 601 1615 missos
617 1549 650 1609 ip-
680 1565 763 1612 magna
773 1550 795 1596 in
807 1551 896 1612 populo.

182 1628 222 1658 sos
233 1611 314 1668 lacite3
331 1613 435 1672 quoniam
452 1613 470 1658 si
487 1623 521 1658 est
537 1627 566 1658 ex
577 1613 650 1658 lromi·
713 1620 729 1661 9
745 1614 825 1661 Exorti
838 1621 889 1661 sunt
900 1624 973 1675 autem
990 1631 1003 1661 e
1023 1613 1146 1676 synagogai.

182 1676 248 1722 nibus
259 1676 376 1722 consilium
386 1677 435 1730 hoc,
453 1677 500 1722 sive
511 1693 567 1739 opus
585 1677 650 1730 istud,
680 1693 737 1738 quae
747 1679 826 1724 dicitnr
839 1678 1009 1726 Lilrertinorum.
1019 1679 1114 1738 quidam,
1124 1689 1145 1724 et

183 1740 333 1800 dissolvetnr3
683 1740 849 1802 Cyrenaeorum
867 1751 889 1789 et
902 1743 1111 1794 Alexandrianum,
1123 1751 1147 1789 et

215 1808 249 1851 59
266 1804 305 1850 Sin
319 1819 348 1850 ex
365 1802 418 1850 Deo
433 1811 473 1857 est,
492 1819 538 1850 non
557 1805 651 1865 potestis
681 1807 803 1866 eorumqui
814 1815 866 1852 sunt
877 1821 906 1852 ex
918 1805 997 1853 Cilicii
1007 1815 1030 1852 et
1042 1804 1103 1858 Asia
1113 1806 1146 1852 sl·

183 1867 240 1913 illud
256 1867 391 1914 dissolvere:
410 1876 432 1914 et
449 1869 522 1915 tridete
539 1884 568 1914 ne
583 1869 650 1914 ctiam
681 1877 791 1916 tercantes
801 1885 852 1916 cum
866 1869 985 1930 Stephano.

184 1947 237 1977 cnm
248 1929 300 1978 Deo
308 1947 408 1993 pugnare
418 1932 590 1993 comperiamini.
716 1937 745 1978 10
763 1933 807 1980 Sed
818 1949 863 1979 non
871 1939 993 1993 potuerunt
1001 1932 1103 1978 resistere
1110 1948 1145 1978 sa·

216 2000 251 2042 40
265 1995 541 2042 Assensisuutnutem'ei!
553 2005 650 2056 etqnnm
682 1998 776 2059 pientiae
789 2005 812 2044 et
828 1998 912 2060 spiritui
929 2011 1050 2059 perquem
1069 1997 1146 2058 loque·

184 2057 331 2106 advocassent
342 2060 461 2122 apostolos,
477 2061 547 2107 caesis
563 2061 650 2106 denun-
680 2064 751 2110 batur.

183 2123 271 2169 cirinmt
282 2140 310 2170 ne
322 2124 464 2185 loquerentur
474 2124 497 2170 in
509 2125 598 2172 nomine
608 2124 649 2173 Je·
716 2129 741 2172 ll
761 2125 828 2173 Tune
839 2128 978 2188 subjecerunt
990 2125 1097 2187 quosdam
1109 2142 1145 2187 qur

184 2205 227 2234 sn:
248 2197 270 2233 et
281 2189 411 2234 dimiserunt
419 2204 465 2234 eos.
681 2191 779 2237 dicerent
798 2205 822 2236 se
843 2191 954 2237 audivisse
977 2207 1028 2236 eum
1053 2190 1145 2250 loquen-

216 2256 245 2296 41
266 2251 312 2312 Ipsi
334 2268 389 2313 ergo
410 2251 533 2313 gaudentes
555 2252 649 2313 proiecti
681 2263 725 2300 tem
743 2255 810 2300 verba
827 2255 954 2315 blasphema
974 2255 997 2300 in
1021 2254 1103 2300 Mosen
1125 2266 1146 2300 et

184 2327 237 2362 suut
248 2331 261 2362 a
272 2326 391 2377 conspectu
402 2317 496 2370 concilii,
514 2314 573 2375 quiid
589 2317 651 2378 digni
684 2319 768 2366 Deum.

184 2381 251 2426 lralrisi
260 2390 334 2426 essent
343 2380 379 2440 qni
389 2396 429 2441 pro
438 2381 527 2426 nomine
535 2379 651 2428 Jesucon·
717 2385 747 2426 12
765 2379 986 2441 Commoveruntqne
1012 2380 1098 2442 plebem
1125 2389 1145 2426 et

184 2441 275 2490 tumeliri
286 2445 433 2490 afficerentur.
683 2447 781 2492 seniores
798 2452 821 2491 et
838 2447 936 2491 scribas:
960 2453 984 2490 et
1004 2459 1056 2490 eum
1078 2445 1155 2490 adorn

216 2512 248 2553 42
266 2508 298 2554 Et
309 2508 406 2568 quotidie
416 2510 439 2554 in
451 2507 533 2569 templo
544 2517 567 2554 et
575 2509 651 2555 doma·
683 2518 809 2572 correptum
820 2508 959 2556 adduxerunt
970 2509 993 2554 in
1004 2508 1130 2554 concilium.

185 2572 223 2618 tim
235 2587 280 2618 non
292 2573 406 2618 cessabant
417 2573 497 2618 docere
512 2582 535 2618 ct
554 2589 652 2634 evange·
718 2578 748 2619 15
766 2575 918 2633 Stlteruntque
935 2572 1003 2620 falsos
1023 2573 1090 2618 testes
1109 2573 1146 2633 qui

185 2636 254 2682 linare
265 2635 344 2684 Jesum
357 2634 479 2683 Christum.
683 2637 787 2692 dicerent,
801 2637 880 2684 Homo
891 2638 986 2684 istenon
1001 2645 1072 2684 cessat
1089 2635 1147 2697 loqui

416 2723 417 2728 ¹
683 2703 750 2749 rerba
776 2703 903 2763 blasphema
934 2699 1041 2752 advenis
1073 2702 1146 2748 locum

349 2763 423 2810 CAP.
446 2761 492 2810 Vl.
519 2789 521 2794 ·
683 2767 742 2812 lrunc
753 2778 853 2814 sanetum
864 2777 887 2813 et
898 2767 979 2830 legem.

187 2826 415 2946 CAETERUM
426 2844 465 2888 per
475 2844 514 2874 eos
525 2828 571 2888 dies
583 2844 650 2888 quum
717 2834 746 2876 14
764 2831 898 2878 Audivimus
919 2833 978 2878 euim
1000 2845 1051 2878 enm
1079 2847 1147 2891 quum

255 2891 454 2952 multiplicarentur
462 2892 568 2952 discipuli,
577 2904 650 2938 ortum
681 2895 770 2948 diceret,
797 2895 876 2944 Jesum
906 2897 969 2941 illurn
1002 2895 1148 2942 Nazarenum
1204 2897 1208 2906 '

185 2967 218 3002 est
230 2970 331 3000 murmur
341 2954 591 3002 Graecorunradversris
600 2956 650 3002 He·
682 2960 845 3005 destructurum
868 2960 927 3004 hunc
949 2960 1031 3005 locum.
1053 2965 1076 3003 ct
1098 2973 1146 3002 nru-

185 3017 540 3079 braeos.qu‹ldipsornmviduae
550 3021 650 3082 despice·
681 3031 778 3069 tatarum
803 3023 858 3068 ritus
884 3037 942 3082 quos
968 3021 1058 3068 tradidit
1085 3022 1148 3066 nnbls

188 3093 264 3129 rentur.
272 3083 294 3128 in
306 3083 428 3129 ministerio
439 3084 573 3144 quotidiano.
684 3085 770 3133 Moses.

219 3151 234 3191 ¹2
253 3145 331 3206 ltaque
350 3148 466 3193 duodecim
485 3148 523 3203 illi,
545 3144 652 3194 advocati
717 3152 746 3196 15
762 3147 829 3194 Tunc
848 3147 938 3192 intentis
957 3147 980 3192 in
1002 3162 1053 3193 enm
1073 3147 1147 3194 oculis

187 3211 327 3256 multitudine
351 3211 514 3274 discipulorum,
541 3212 651 3266 dixerunt,
682 3215 814 3272 omnesqui
834 3211 939 3257 sedebant
956 3211 978 3256 in
998 3210 1099 3264 concilio,
1115 3213 1146 3257 ri·

191 3273 242 3322 Non
253 3283 288 3320 est
304 3289 399 3335 aequum
415 3290 464 3330 nos,
481 3276 585 3323 derelicto
603 3291 651 3322 ser·
682 3278 762 3325 derum
773 3277 850 3323 faciem
867 3276 915 3338 ejus
933 3275 995 3336 quasi
1013 3274 1092 3321 faciem
1110 3289 1137 3321 sn

190 3354 255 3384 none
267 3337 319 3390 Dei.
331 3340 456 3385 ministrare
466 3341 555 3389 mensis.
682 3342 734 3405 geli.

218 3405 234 3448 3
253 3401 357 3448 Adhibui
375 3419 431 3465 ergo
449 3404 586 3464 inspectione
604 3403 653 3450 dili·

188 3464 468 3528 giterisratres‘exvobls
485 3469 549 3515 viros'
562 3477 653 3528 septem,
839 3466 913 3514 CAP.
937 3465 997 3513 Vll.

189 3531 315 3576 testimonio
343 3543 439 3584 ornatos,
465 3531 543 3592 plenos
571 3532 653 3592 Spiritu
688 3549 690 3554 ¹
754 3530 829 3577 lxlT
839 3541 913 3578 autem
922 3527 1022 3592 pontifex
1033 3529 1149 3586 maximus,

190 3595 271 3640 Sancto
283 3602 305 3640 et
317 3593 428 3655 sapientiai,
440 3611 496 3655 quos
504 3595 654 3658 praeficiamus
785 3595 847 3641 Num
859 3595 927 3656 igitur
935 3595 989 3640 haec
1000 3595 1031 3641 ita
1042 3595 1140 3642 holtem?

190 3659 217 3703 ln·
234 3659 350 3718 rnegotio.
717 3665 732 3704 ‘1
750 3657 802 3720 lpse
813 3657 866 3705 verri
877 3658 939 3712 nixu,
958 3657 1014 3711 Viri,
1031 3659 1110 3706 tratres
1129 3674 1150 3708 et

228 3721 238 3757 l
256 3721 305 3767 Nos
317 3719 369 3766 reni
381 3723 402 3766 iu
413 3723 511 3782 precibus
523 3732 544 3767 ct
561 3722 654 3768 adrnini-
685 3732 764 3786 patres,
774 3723 863 3780 audite3
883 3722 947 3769 Deus
956 3723 992 3770 ille
998 3724 1082 3786 gloriae
1090 3728 1149 3771 visus
1205 3746 1213 3765 ·

193 3797 202 3830 r
236 3784 588 3891 iutrasermomslppsprtundimus
612 3819 623 3824 -
687 3797 721 3834 est
740 3787 795 3850 patri
815 3795 892 3834 nostro
920 3787 1055 3838 Abrslrsmo.
1079 3803 1148 3849 traua
1193 3785 1202 3800 ³
