2720 4312
527 395 633 444 ruunt
655 394 823 443 emerem
861 460 864 463 Ι

158 532 159 541 1
202 515 240 548 res
257 499 339 549 (irristi
359 503 381 547 in
400 503 467 555 nobis,
484 502 515 548 in
530 517 569 562 per
581 498 659 548 Chris·
692 499 777 551 advos,
789 503 908 545 etovobis
919 500 996 545 deduci
1007 500 1031 545 in
1040 499 1149 547 Judaeum

202 573 248 612 tum
265 565 371 611 redundat
387 566 452 611 etium
467 565 588 611 consolatio
607 579 660 609 nos·
728 565 755 608 17
775 561 827 608 Hoc
843 563 911 624 igitur
927 577 994 622 quum
1008 564 1153 617 deliberarem

201 637 242 674 trs.
693 640 797 672 numnam
809 626 898 672 levitate
906 641 955 672 sum
965 627 1035 672 usus?
1052 635 1091 672 eut
1101 641 1155 686 quot

233 695 248 737 6
266 691 318 736 Sive
328 698 401 736 autern
418 691 542 752 affligimur,
560 706 600 751 pro
611 706 661 734 ves·
693 690 795 743 delibero,
812 688 932 735 secundum
949 705 1037 736 carnem
1054 690 1155 744 delibero

202 751 235 802 nt
245 755 428 800 consolationem
440 755 509 800 salute
516 756 662 814 perurimur,
694 761 718 798 ut
729 754 758 798 eit
768 753 826 812 apud
836 769 872 798 me
884 753 959 798 Etiam
970 762 993 798 et
1005 753 1080 798 Non?

204 817 249 864 tire
259 818 431 863 consolationem
440 819 577 879 percipimus,
585 833 662 863 conso·
728 820 765 861 18-
776 814 825 862 [mo
835 817 905 862 fidelis
918 815 982 862 Deus
998 819 1060 863 nouit
1072 833 1156 863 semro·

205 883 308 926 titionem
321 884 462 941 percipimus
473 897 513 943 pro
525 878 597 926 vestri
608 896 663 926 con·
694 894 745 924 nern
765 887 865 926 nostrum
884 881 942 941 apud
958 895 1005 934 vos,
1026 885 1070 926 n‘on
1089 881 1155 926 tuisse

204 945 326 1001 so.etione;
343 961 399 1005 quoe
415 946 508 990 efficitur
519 947 544 990 in
555 945 616 990 vohis
625 959 664 1004 per
696 943 771 988 Etiam
783 951 805 988 et
817 943 878 989 Non.

205 1008 354 1054 tolerationem
366 1009 483 1055 eemndem
499 1009 664 1070 perpessionum
730 1010 760 1053 19
777 1006 837 1052 Nam
850 1007 894 1053 Dei
913 1006 989 1060 Filius,
1002 1006 1068 1056 Jesus
1080 1005 1148 1054 Ciuis

206 1086 258 1130 puts
268 1077 291 1117 et
300 1087 340 1118 nos
351 1073 499 1133 perpetimurr
518 1081 541 1118 et
552 1087 601 1132 spes
612 1086 665 1116 nos·
696 1078 738 1123 tus,
749 1071 786 1130 qui
798 1071 855 1116 inter
866 1086 907 1116 vos
922 1085 961 1132 per
972 1086 1012 1116 nos
1023 1071 1156 1132 praedicatu.

205 1133 311 1181 :rstrma
322 1144 355 1181 est
366 1137 393 1181 de
404 1137 483 1192 vobin
696 1147 736 1186 est,
748 1136 773 1179 ut
786 1142 825 1187 est,
841 1150 881 1194 per
900 1149 935 1179 me
953 1141 976 1179 et
994 1135 1117 1194 Sylvsnum
1135 1148 1156 1180 rt

237 1201 251 1244 7
271 1197 304 1244 Ut
322 1200 358 1259 qui
377 1200 470 1245 sciunus
484 1215 524 1244 rus
542 1199 597 1244 sieut
614 1197 666 1243 socii
698 1196 849 1250 Timotheum,
861 1197 957 1243 nonfuit
970 1197 1045 1245 Etiam
1061 1205 1085 1244 et
1097 1197 1154 1244 Nttt

206 1261 257 1310 estis
275 1263 447 1323 perpessimum,
465 1263 495 1309 ita
513 1263 579 1308 etiam
598 1264 668 1308 socios
698 1261 736 1306 sed
749 1261 823 1306 Etiam
834 1261 876 1306 fuit
887 1261 909 1306 in
921 1261 976 1321 ipso.

201 1323 257 1388 sun
267 1325 430 1372 consolationis.
730 1329 763 1369 20
779 1325 896 1384 Quotquot
904 1326 963 1370 enirn
970 1331 1022 1370 suut
1032 1324 1159 1384 promissio·

238 1392 252 1432 8
271 1388 324 1434 Non
336 1390 394 1434 enirn
406 1389 508 1434 volumus
520 1404 560 1434 vos
577 1390 669 1448 ignora·
698 1403 737 1434 nes
750 1388 802 1441 Dei,
822 1389 844 1432 in
863 1389 911 1448 ipso
929 1395 983 1434 sunt
1000 1387 1082 1441 Etiam,
1099 1396 1123 1434 et
1138 1389 1159 1435 itt

206 1457 239 1504 re,
247 1450 331 1504 iratres,
343 1453 370 1497 de
386 1452 505 1498 afflictione
519 1451 600 1504 nostri,
612 1467 667 1511 quae
699 1452 746 1512 ipso
757 1459 809 1498 sunt
823 1451 903 1505 Arnen,
914 1451 944 1497 ed
955 1451 1000 1496 Dei
1016 1451 1111 1512 gloriam
1122 1467 1158 1512 per

205 1515 267 1562 nohis
277 1517 351 1560 evenit
363 1516 386 1560 in
394 1513 455 1568 Asit,
465 1531 506 1561 not
518 1511 604 1560 summe
614 1530 666 1575 gre·
699 1530 746 1560 nos.

207 1586 269 1623 vatos
279 1577 347 1623 fuisse
358 1593 424 1638 supra
430 1580 494 1631 vires,
503 1575 557 1624 oderi
569 1586 594 1624 ut
603 1593 666 1638 pror·
729 1573 758 1624 '21
780 1575 857 1631 Porrrl,
865 1579 901 1638 qui
911 1593 952 1623 nos
960 1577 1076 1624 contimret
1087 1579 1149 1624 vobis

206 1657 242 1686 sus
253 1641 319 1686 animi
331 1642 482 1702 penderemus,
493 1642 559 1687 etiam
571 1642 630 1702 quod
640 1642 668 1687 ad
699 1657 750 1686 cum
767 1643 790 1687 in
809 1640 931 1696 Christum,
946 1650 969 1687 et
983 1641 1020 1702 qui
1038 1642 1102 1687 unxit
1113 1657 1159 1696 nos,

206 1705 280 1750 vitam.
700 1705 764 1751 Deus
775 1714 824 1760 est,·

238 1774 253 1816 9
271 1768 315 1814 Sed
325 1768 365 1830 lpsi
374 1769 431 1830 apud
440 1785 481 1815 nos
488 1770 599 1816 decretum
607 1784 667 1814 nror·
731 1773 762 1814 22
780 1769 825 1823 Qui
837 1769 902 1814 etiam
919 1769 1044 1828 oosignnvit
1061 1785 1108 1821 uns,
1126 1770 1159 1815 in·

206 1833 233 1878 tis
244 1834 365 1886 habuimus,
377 1849 405 1878 ne
416 1833 576 1880 confideremus
588 1834 610 1878 in
627 1848 668 1878 no·
699 1833 795 1893 diditque
814 1833 957 1878 arrhabonem
976 1833 1069 1892 Spiritus
1088 1833 1160 1878 cordi·

206 1897 297 1956 bisipsis,
309 1898 346 1942 sed
358 1898 380 1943 in
394 1897 445 1943 Deo
457 1899 493 1958 qui
505 1905 604 1944 mortuos
619 1912 668 1942 sus·
698 1897 739 1942 bus
749 1897 837 1942 nostris.

205 1961 270 2015 citnt5
732 1964 763 2005 23
780 1960 833 2021 Ego
844 1955 897 2004 verti
908 1966 986 2005 testem
997 1958 1072 2005 Deum
1082 1960 1162 2006 invoco

240 2026 269 2068 10
286 2024 375 2082 Quique
385 2039 414 2069 ex
421 2022 481 2070 tenti
492 2031 563 2069 morte
574 2039 615 2068 nos
626 2023 668 2068 eri·
699 2023 722 2069 in
733 2039 805 2069 meam
816 2024 918 2075 enimam,
927 2038 963 2068 me
969 2025 1054 2070 idcireo
1063 2024 1162 2069 nondum

205 2087 251 2146 puit
267 2095 289 2132 et
305 2088 381 2146 eripitr
401 2089 423 2132 in
440 2104 483 2147 quo
500 2102 612 2148 speramus
629 2102 669 2132 nos
699 2087 786 2134 venisse
801 2085 940 2140 Corinthum,
958 2086 1017 2147 quod
1033 2087 1095 2132 vobis
1111 2103 1161 2148 per·

205 2151 276 2194 adhuc
287 2151 351 2194 etiam
364 2159 462 2210 ereptum
475 2152 516 2196 iri:
699 2166 755 2196 cam.

241 2217 265 2258 11
288 2210 340 2258 unt
355 2213 517 2260 conferentibus
536 2226 625 2274 operam
643 2229 667 2259 e·
732 2218 763 2259 24
780 2213 833 2260 Non
847 2210 905 2274 quiid
922 2213 1060 2259 dominemur
1076 2220 1163 2260 vestroe

206 2278 257 2322 tiam
275 2278 336 2323 vohis
353 2293 391 2338 per
409 2294 484 2338 preces
498 2295 538 2340 pro
549 2278 627 2334 nobis3
644 2285 669 2323 ut
698 2277 755 2332 fidei,
768 2277 1163 2338 sedquidedministrisimusgaudii
1189 2301 1194 2315 ι

206 2343 287 2386 donum
299 2357 327 2387 ex
338 2342 412 2386 multis
424 2345 522 2403 personis
534 2343 556 2388 in
568 2358 609 2388 nos
622 2343 667 2388 col·
698 2343 779 2388 vestri:
799 2357 849 2387 num
861 2341 904 2387 lide
915 2342 983 2388 statis.

206 2407 284 2457 latum,
302 2421 341 2466 per
358 2406 439 2451 multos
452 2407 573 2452 celebretur
584 2406 666 2466 gratie·
848 2457 849 2460 Ἰ

206 2484 253 2512 rum
265 2470 351 2514 actione
362 2485 401 2529 pro
414 2471 482 2516 nobis.
865 2467 938 2516 CAP.
962 2465 996 2514 Il.

241 2535 268 2576 12
287 2531 345 2576 Nam
356 2533 459 2593 gloriatio
468 2546 544 2579 nostre
554 2535 608 2578 hoec
624 2541 666 2585 est,
769 2531 813 2580 OC
821 2541 894 2578 autem
903 2533 960 2594 apud
967 2531 1079 2586 mestotui,
1087 2548 1162 2578 rursus

206 2595 355 2639 testimonium
388 2598 491 2643 videlicet
521 2597 668 2642 eonscientiae
785 2613 834 2642 cum
846 2595 1162 2642 tristititnonvenireauvos.

206 2668 299 2708 nostroe,
307 2655 365 2715 qurid
376 2673 427 2704 cum
439 2659 576 2720 simplicitate
587 2667 610 2704 et
620 2660 666 2704 sin·
730 2663 745 2704 2
763 2659 823 2706 Num
835 2661 852 2705 si
863 2677 908 2722 ego
917 2658 1052 2706 tristitiivos
1060 2660 1161 2712 efficium,

206 2721 294 2765 ueritate
308 2719 358 2772 Dei,
371 2735 415 2766 non
431 2737 481 2766 eum
498 2721 604 2781 sapientiis
618 2738 666 2768 cor·
697 2724 746 2783 quis
757 2732 792 2770 est
802 2724 869 2784 igitur
885 2724 921 2784 qui
937 2724 1044 2769 exhilaret
1059 2739 1101 2777 me,
1120 2724 1161 2769 nisi

205 2783 255 2836 nnli,
268 2783 305 2827 sed
317 2798 367 2828 cum
383 2783 454 2843 gratiis
471 2784 521 2836 Dei,
534 2786 613 2830 versati
629 2801 667 2830 su·
698 2787 716 2831 is
727 2787 774 2847 ipse
789 2788 826 2847 qui
843 2785 930 2833 tristitiis
945 2787 1011 2832 fuerit
1027 2787 1117 2833 effectus
1133 2803 1161 2832 ex
1228 2803 1231 2808 ’

205 2861 254 2892 tuus
265 2847 287 2891 in
299 2846 387 2898 mundo,
399 2845 582 2908 quamplurimum
594 2857 667 2894 sutem
698 2849 751 2896 me?
1176 2849 1181 2854 '

205 2911 262 2971 opud
274 2925 320 2954 vos.
729 2918 746 2959 5
763 2913 795 2959 Et
806 2915 848 2960 hoc
859 2914 930 2974 ipsum
946 2914 1009 2960 vobis
1025 2914 1108 2974 scripsi,
1125 2930 1161 2967 ne,

240 2978 269 3023 13
286 2972 339 3018 Non
351 2974 410 3020 enim
425 2975 466 3020 elie
482 2975 595 3021 scribimus
606 2976 668 3022 vobis
698 2992 766 3036 quum
787 2993 877 3032 venero,
899 2977 1008 3023 tristitiam
1030 2978 1113 3038 capiam
1133 2992 1168 3028 err

206 3035 269 3098 quim
281 3053 336 3098 quae
347 3037 420 3099 legitis
435 3047 472 3084 eut
488 3039 552 3084 etium
564 3041 667 3100 agnosci·
698 3040 724 3086 iis
735 3041 851 3101 dequibus
868 3042 982 3103 oportebat
997 3056 1033 3086 me
1049 3041 1161 3102 gaudere?

206 3109 249 3158 trs;
267 3117 331 3162 spero
342 3110 415 3148 eutem
427 3119 467 3148 vos
478 3104 667 3150 etiarnadextre·
698 3103 794 3150 confisus
815 3105 843 3150 de
864 3105 927 3150 vobis
950 3105 1059 3158 omnibus,
1086 3120 1160 3150 meum

206 3179 266 3210 mum
278 3167 406 3226 agnituros:
697 3168 809 3228 gaudium,
822 3169 920 3214 omnium
936 3169 1034 3214 vestrum
1048 3170 1159 3227 goudium

240 3232 269 3274 14
287 3229 381 3276 Sicutet
392 3229 528 3290 aliquatenus
538 3230 666 3292 agnovistis,
697 3247 753 3277 esse.

206 3305 246 3340 uos
257 3292 411 3354 gloriationem
421 3302 516 3339 vestram
525 3310 579 3347 esse,
589 3310 666 3354 quern·
730 3299 746 3339 4
763 3294 822 3340 Nam
832 3310 860 3340 ex
868 3292 937 3340 multi
943 3295 1061 3340 afflictione
1072 3303 1095 3340 et
1105 3309 1149 3342 aux

138 3395 140 3405 ,
206 3355 408 3402 mnodumetvos
419 3364 495 3403 nostre
504 3359 563 3411 estis,
575 3358 598 3403 in
609 3359 667 3404 diem
697 3357 762 3405 ietate
773 3360 845 3405 cordis
856 3360 931 3420 scripsi
943 3358 1011 3412 robis,
1028 3375 1067 3420 per
1084 3359 1160 3406 multu

207 3417 299 3464 Dommi
311 3418 374 3467 Jent
697 3422 820 3482 lacrymam
842 3437 887 3468 non
910 3429 934 3468 ut
956 3421 1043 3468 tristitisl
1064 3423 1159 3468 afficere

240 3485 269 3528 15
286 3481 364 3542 Itaque
383 3479 423 3528 hte
440 3481 518 3530 fiduciis
534 3481 594 3545 priris
608 3485 667 3530 volui
698 3486 758 3540 mini,
770 3487 808 3532 sed
820 3494 844 3532 ut
855 3487 1019 3546 cognosceretis
1035 3486 1161 3532 charitatem

209 3543 285 3591 tdros
301 3547 420 3601 venirent
436 3550 553 3594 secundun
573 3549 667 3610 gretiam
698 3565 763 3610 quam
785 3551 854 3596 habeo
875 3550 1083 3596 abundantissimam
1109 3565 1161 3611 erpo

204 3609 326 3654 haberetis:
698 3629 746 3659 vos.

241 3673 270 3716 16
287 3671 317 3716 Et
329 3687 368 3732 per
377 3689 417 3718 vor
426 3675 518 3720 transire
526 3675 549 3720 in
559 3675 671 3722 Macedoi
730 3680 745 3722 5
769 3674 837 3729 Quid
859 3677 927 3736 siquis
948 3677 1059 3722 tristitiom
1081 3676 1159 3722 attulit

221 3737 271 3781 iam,
287 3741 309 3776 et
323 3749 408 3780 rursum
420 3751 434 3780 ι
446 3736 578 3783 Μιοεάοηίἂ
593 3740 668 3784 venire
699 3755 743 3786 non
761 3741 812 3784 mihi
830 3741 938 3785 tristitiam
957 3741 1035 3793 tttulit,
1053 3741 1091 3786 sed
1108 3755 1152 3800 que

435 3805 480 3850 202
