2720 4312
475 394 522 444 so
540 393 732 470 morosos
755 394 831 445 xm

159 499 359 561 rubumjusuttre
371 498 446 546 reddit
456 498 483 546 iis
489 499 525 560 qui
532 515 571 562 per
579 515 629 546 earu
661 498 698 560 qui
709 497 839 548 recusimut
855 497 960 548 diripittls
971 499 1074 550 ximeno
1082 516 1125 548 resa

157 559 234 608 luerint
247 565 378 610 exercitati.
663 564 687 610 iu
698 562 773 620 terri3
789 562 860 610 multd
876 565 948 626 magia
965 581 1013 620 nos
1024 565 1061 626 qui
1077 581 1127 612 eum

188 629 216 670 12
242 627 397 690 Quapropter
419 643 499 674 manus
520 627 632 682 remissas,
662 629 860 689 quidecoellsest
871 629 1050 678 adversaremur:

155 697 176 734 et
186 705 261 750 genua
273 693 362 746 soluta,
374 692 496 752 corrigite,
695 696 726 738 26
744 691 815 755 Cujus
831 707 877 740 vox
894 701 947 740 tuuc
957 694 1069 740 concussit
1081 702 1126 740 ter·

189 757 217 799 ia
235 755 269 802 Et
281 766 359 802 rectas
371 757 454 802 orbitas
465 755 531 802 lacite
541 755 632 816 pedibus
663 771 726 803 ramr
749 772 808 803 nuuc
827 766 900 804 autern
923 759 1070 812 denunciavit,
1093 759 1126 804 di·

154 820 239 872 restris,
252 821 361 881 nequod
379 820 483 866 claudum
499 828 531 866 est
549 819 630 866 dellec-
662 835 722 875 cens,
745 819 827 868 Adbuc
848 822 917 868 semel
938 837 982 884 ego
1001 824 1127 870 concutiam
1194 813 1203 828 ’

155 887 185 928 tat
195 879 209 928 d
220 881 265 937 visi,
275 885 320 931 sed
331 891 358 930 ut
369 892 460 930 sanetur
470 881 550 945 polida.
663 899 708 931 uon
720 882 791 931 soldru
803 895 892 941 terram,
904 887 943 932 sed
954 887 1020 932 etiam
1031 887 1127 934 coelum.

188 949 217 992 14
236 947 327 995 Paceni
340 948 456 994 sectamini
463 963 514 994 curn
523 947 631 1002 omuibus,
694 951 725 996 27
744 945 816 995 Porrd
827 949 887 1003 illud,
904 949 986 996 Adhuc
1002 951 1076 1005 senrel,
1088 952 1128 997 de·

154 1015 175 1056 cl
186 1013 430 1068 sanctimoniamsine
441 1027 485 1074 qua
495 1012 631 1058 neruovide·
662 1011 731 1060 clarat
741 1013 874 1060 instabilium
891 1029 971 1066 rernm,
987 1022 1066 1075 utputa
1081 1015 1127 1062 iae·

154 1072 185 1122 tlt
195 1075 332 1123 Dominum
341 1093 349 1132 ς
663 1078 766 1130 titianum,
776 1077 917 1131 amotionem,
926 1084 950 1122 ut
961 1085 1063 1124 maneam
1072 1094 1127 1140 quaa

83 1195 87 1198 ,
189 1143 218 1186 15
227 1139 417 1202 ‘Prospicientes
429 1140 508 1200 nequis
522 1137 633 1187 dedolata
662 1148 715 1187 suut
726 1141 816 1188 stabilia.

154 1201 228 1265 parti
239 1205 289 1266 spei
302 1221 310 1261 3
328 1220 401 1266 nequa
415 1205 477 1250 radix
493 1219 567 1250 amara
578 1219 631 1265 sup·
695 1207 726 1250 28
744 1204 887 1266 Quapropter
903 1219 997 1265 regnum
1012 1219 1127 1252 mumm-

155 1267 271 1328 pullulans
283 1270 396 1324 obturbet,
408 1276 430 1315 et
441 1284 480 1330 per
491 1270 548 1315 hanc
559 1269 631 1330 inqui-
662 1277 696 1315 tes
713 1269 773 1330 quod
788 1269 877 1314 concuti
894 1283 939 1314 nou
956 1275 1035 1329 potest,
1052 1276 1128 1318 tene*

157 1340 240 1378 nentur
251 1333 321 1380 multi
333 1349 340 1380 ι
498 1335 503 1342 “
663 1333 824 1393 musgratiarn,
836 1347 952 1394 perquam
964 1333 994 1378 ita
1007 1334 1127 1382 serviamus

191 1399 222 1443 16
240 1395 334 1458 Nequir
345 1396 374 1443 sit
384 1403 499 1451 scortator,
508 1401 546 1442 aut
557 1395 631 1458 prola·
663 1395 724 1451 Deo,
736 1404 760 1443 ut
773 1397 792 1444 ei
812 1397 936 1458 placeamus
952 1411 1003 1444 eum
1020 1413 1116 1445 verecuu

158 1473 207 1514 nus,
216 1461 284 1508 velut
296 1461 365 1514 Esau
374 1461 411 1521 qui
421 1461 487 1507 unico
495 1460 568 1507 edubo
576 1475 631 1506 reu·
663 1460 699 1508 rba
709 1468 732 1507 et
743 1457 872 1508 reverentii.

158 1523 213 1570 didit
224 1527 341 1587 suumjus
352 1525 503 1586 primogeniti.
695 1529 727 1572 29
744 1524 835 1572 Etenim
859 1524 923 1572 Deus
946 1534 1021 1572 noster
1046 1541 1125 1574 consu·

104 1612 111 1628 ·
194 1591 223 1636 17
243 1589 313 1636 Scitis
324 1590 383 1636 enim
398 1604 450 1635 eurn
465 1589 531 1635 etiam
547 1596 632 1650 postea,
663 1590 847 1652 mensiguisest.

160 1666 230 1712 quum
249 1653 320 1700 vellet
337 1653 481 1700 haereditario
494 1655 548 1714 jure
564 1653 631 1700 bene·

160 1716 285 1764 dictionem
294 1717 387 1778 assequi,
397 1718 535 1779 reprobatum
546 1715 629 1764 fuisses
809 1715 883 1764 CAP.
908 1715 982 1764 XIII.

161 1794 208 1827 non
219 1783 282 1828 enim
296 1782 376 1844 reperit
392 1782 540 1842 poenitentiae
551 1780 632 1837 locum,
721 1779 863 1838 RATERN
865 1781 887 1826 A
896 1781 990 1826 charitas
1000 1788 1095 1828 maneat.

161 1848 267 1904 quamvis
278 1861 329 1892 curn
340 1845 443 1906 lacqnnis
457 1845 631 1892 benedictionem
753 1848 768 1889 2
786 1843 950 1906 Hospitalitntis
964 1859 992 1889 ne
1003 1851 1074 1892 estote
1084 1846 1127 1892 im·

162 1907 224 1956 illam
235 1910 376 1970 exquisisset.
663 1917 787 1954 memores:
807 1924 846 1969 per
857 1909 913 1954 hanc
922 1908 980 1953 enim
992 1907 1080 1966 quidam
1092 1910 1114 1956 in

198 1977 229 2019 18
248 1973 302 2020 lion
319 1975 378 2020 euim
395 1972 518 2019 accessistis
534 1973 561 2018 ad
577 1987 632 2018 con·
663 1972 702 2018 scii
714 1980 848 2032 exceperunt
859 1971 951 2032 angelos
963 1971 1064 2032 hospitio.

164 2039 302 2084 trectabilem
313 2045 419 2091 montem,
431 2044 454 2082 et
470 2037 585 2082 incensum
596 2037 632 2098 ig·
696 2040 712 2081 5
730 2035 845 2082 blemores
856 2042 927 2083 estote
938 2037 1070 2090 vinctorum,
1079 2043 1115 2083 tun

165 2115 225 2156 ueni,
248 2118 274 2149 nc
293 2103 408 2156 turbinem,
428 2109 451 2148 et
469 2101 593 2162 caliginem,
610 2109 634 2146 et
663 2116 729 2161 quam
749 2097 793 2146 und
812 2116 863 2147 curn
882 2100 925 2148 illis
942 2101 1027 2156 viuctI;
1050 2117 1127 2148 eorum

165 2167 293 2226 procellam,
593 2169 595 2172 '
664 2165 701 2224 qui
712 2165 775 2210 malls
792 2172 928 2226 premuntur,
942 2181 968 2211 ac
983 2166 1000 2210 si
1017 2165 1056 2227 ipsi
1072 2182 1127 2226 quo-

202 2234 233 2278 19
249 2230 370 2290 Tubaeque
389 2229 493 2282 sonitum,
512 2235 535 2274 et
554 2243 633 2274 vocem
664 2244 707 2290 que
714 2244 807 2290 corpore
818 2229 901 2290 ‹filie-ti
911 2229 995 2274 essetis.

168 2295 293 2349 teritorum,
311 2309 378 2355 quam
397 2294 434 2355 qui
453 2292 573 2344 audierant,
594 2293 633 2338 de·
695 2295 713 2336 4
739 2291 877 2339 Honorabile
898 2301 929 2338 est
957 2293 1014 2337 inter
1038 2293 1127 2351 quosvis

168 2360 250 2418 precati
273 2366 326 2405 sunt
348 2374 376 2404 ne
397 2355 491 2420 amplirls
512 2357 551 2403 sibi
572 2355 634 2403 ficret
664 2356 800 2416 conjuginm,
824 2363 847 2401 et
873 2356 944 2402 cubile
969 2355 1126 2416 impollutum:

169 2437 258 2470 cennos
664 2426 797 2466 scortatores
812 2428 885 2465 autem
902 2428 923 2465 et
938 2419 1049 2466 adulteros
1064 2421 1126 2466 dam·

202 2492 233 2534 20
250 2485 316 2550 (Non
328 2487 388 2532 enim
404 2485 504 2531 ferebant
519 2484 579 2544 quod
590 2485 633 2530 im·
664 2484 726 2530 nabit
736 2481 808 2530 Deus.

173 2553 289 2604 serobatur,
303 2551 326 2596 Si
335 2551 372 2596 vel
382 2551 451 2596 bestia
460 2549 557 2609 tetigerit
568 2563 633 2594 mon·
696 2549 712 2594 5
730 2546 780 2593 Sint
791 2563 864 2593 mores
878 2548 948 2593 nestri
963 2546 1025 2592 abcni
1038 2547 1064 2593 ab
1075 2563 1127 2594 arva·

174 2631 221 2672 em,
238 2615 373 2678 lapidabitur,
390 2621 428 2660 aut
441 2613 516 2676 jaculo
533 2612 634 2674 conlige·
664 2608 730 2657 ritib:
755 2620 822 2658 estote
841 2612 938 2658 contenti
961 2613 1126 2672 praesentibus:

174 2695 235 2727 ,ιιιιι
664 2676 721 2722 dixit
731 2676 790 2722 enlm
808 2675 860 2738 ipse,
873 2675 1019 2736 Nequaquam
1032 2684 1054 2722 te
1064 2676 1128 2723 dese·

201 2747 228 2791 21
250 2743 282 2790 Et
299 2741 385 2795 Moses,
400 2737 455 2788 oded
474 2741 569 2787 terrssrile
588 2745 636 2788 erat
665 2755 719 2794 ram,
731 2755 802 2801 neque
814 2757 909 2801 unquam
921 2748 943 2788 te
954 2741 1111 2802 derelinquam.

176 2807 242 2854 risum
253 2807 312 2869 quod
322 2807 445 2868 apparebat,
457 2806 518 2860 dixit,
528 2805 634 2867 Expave-
697 2809 713 2851 6
730 2803 794 2852 Aded
806 2813 830 2851 ut
844 2805 962 2852 confidenti
978 2807 1052 2852 auimo
1069 2805 1127 2850 dica·

180 2880 241 2920 actus
252 2887 301 2918 sum
312 2887 338 2918 ac
349 2867 534 2928 tremebundusz)
665 2883 722 2921 mus,
733 2869 846 2914 Dominus
856 2878 888 2916 cst
896 2871 948 2915 mihi
956 2869 1078 2922 auxiliator,
1088 2884 1128 2914 uer

201 2941 233 2983 22
250 2935 295 2983 Sed
306 2934 428 2982 accessistis
436 2933 464 2979 ad
472 2941 570 2978 montem
581 2931 635 2978 Sion
666 2933 747 2978 timebo
758 2934 810 2992 quid
821 2933 886 2977 faciut
898 2933 951 2977 mibi
963 2934 1037 2977 lromo.

174 3005 193 3048 tt
213 3001 325 3046 civitatem
348 2997 394 3045 Dei
416 2997 468 3051 viui,
493 2995 635 3042 Hierusalem
698 2998 712 3043 7
731 2996 846 3042 Memores
861 3002 933 3038 estote
948 2995 1063 3039 doctorum
1078 3007 1128 3039 ves·
1146 3037 1158 3060 ⁸

174 3065 295 3117 coelestem,
307 3070 330 3110 et
340 3061 450 3122 myriadas
461 3060 618 3123 Angelorum
667 3067 751 3105 trorum
762 3058 798 3118 qui
810 3057 894 3117 loquuti
906 3063 957 3101 suut
969 3056 1031 3101 vobis
1042 3070 1128 3100 sermo·

208 3133 240 3176 23
267 3125 412 3176 Contentum
438 3123 591 3176 universalem,
613 3129 637 3168 et
667 3139 718 3170 nem
735 3120 797 3167 Deir
816 3135 910 3180 quorum
924 3118 1040 3164 imitamini
1057 3117 1127 3167 fidem
1184 3177 1187 3180 Ι

173 3193 301 3241 concionem
312 3189 519 3252 primogenitorum,
530 3187 567 3248 qui
579 3202 634 3232 con·
666 3187 830 3233 considerantes
845 3183 881 3243 qui
899 3182 965 3229 fucrit
984 3183 1057 3228 exitus
1074 3197 1129 3228 cou-

173 3257 245 3318 scripti
257 3255 342 3303 suntin
354 3253 427 3308 coelis,
441 3260 464 3298 et
476 3253 574 3313 judicem
586 3250 636 3295 uni·
667 3249 797 3296 versationis
807 3249 813 3292 i
830 3263 913 3294 sorum.

176 3335 286 3368 terrorum
299 3317 383 3370 Deum,
395 3325 418 3363 et
429 3317 636 3379 spiritusjustorum
700 3318 714 3358 8
731 3313 798 3361 Jesus
806 3264 909 3359 (inustus
915 3309 961 3356 heri
971 3319 992 3356 et
1001 3309 1066 3355 hodic
1073 3309 1130 3357 idern

175 3392 391 3437 consummatorum
667 3386 705 3431 est,
718 3385 739 3423 et
751 3378 773 3422 in
785 3373 865 3422 secula.

205 3453 236 3494 24
253 3447 286 3494 Et
302 3447 330 3492 ed
347 3445 399 3491 novi
419 3440 513 3490 foederis
529 3442 635 3488 mediato·
701 3447 715 3488 9
733 3441 849 3486 Doctrinis
860 3437 926 3484 variis
936 3445 958 3482 et
971 3437 1091 3498 pe·egrinis
1105 3455 1130 3485 ur

175 3527 219 3560 reru
230 3511 316 3564 Jesum,
325 3516 348 3556 et
359 3509 489 3569 sanguinem
498 3506 637 3568 aspersionis,
668 3503 845 3552 circumferimini
855 3520 862 3558 3
879 3503 961 3548 bonum
970 3501 1028 3546 errim
1038 3510 1071 3548 est
1079 3517 1129 3563 gra·

176 3576 331 3638 praestantiora
342 3573 469 3632 loquentem
480 3567 546 3633 quim
561 3571 637 3630 loqua·
669 3567 700 3616 rit
718 3567 851 3614 coustanlIri
868 3581 914 3620 cor,
932 3580 976 3610 non
995 3565 1054 3612 cibis.
1074 3569 1131 3613 unde

176 3647 210 3688 tur
222 3638 288 3686 abel.
669 3633 752 3680 nullam
763 3637 907 3692 perceperunt
923 3629 1039 3674 utilitatem
1056 3631 1093 3693 qui
1110 3633 1130 3677 iu

206 3706 238 3752 25
263 3701 345 3748 Videte
362 3713 391 3745 ne
410 3698 515 3744 recusetis
532 3712 583 3742 eum
602 3696 639 3757 qui
669 3697 722 3759 ipsis
733 3696 877 3742 incesserunt.

183 3769 278 3830 «gultur.
312 3763 372 3810 Nam
384 3763 402 3808 si
414 3763 444 3810 illi
455 3777 501 3810 nou
514 3759 640 3823 effugerunt
705 3765 735 3807 10
751 3759 867 3806 Habemus
886 3758 959 3809 altare,
979 3772 1007 3802 ex
1025 3775 1069 3820 quo
1088 3773 1130 3804 noa
