2734 4314
464 425 693 485 MA'ITHAEUS,
718 429 816 478 xer.

159 542 213 597 prod
228 544 265 584 est
282 543 344 584 rntra
360 531 511 598 poeuiumet'
524 533 628 596 patinam,
659 533 712 580 dnm
723 535 807 590 dicatis,
823 534 958 584 Benedictus
972 537 1009 600 qul
1029 511 1117 585 venitis

158 608 180 648 ut
192 601 214 646 rd
229 617 322 662 quoque
337 600 399 662 quod
415 594 484 646 extri
500 606 534 644 est
549 611 628 660 purum
659 599 750 646 nomine
764 599 866 647 Domini.

188 731 218 775 27
235 727 289 774 Vae
301 729 372 781 vobis,
382 727 468 773 scribae
477 732 501 770 et
510 723 629 780 Pharisaei,
790 725 864 774 CAP.
889 727 985 775 XXIV.

159 791 302 853 qpocritaet
320 792 358 853 qui
370 790 481 838 assimiles
492 791 545 837 estis
556 789 629 850 sepul·
694 789 741 836 *T
753 807 857 851 egressus
873 791 940 839 Jesus
951 808 964 839 e
975 793 1064 854 templo,
1077 795 1109 840 sbi

159 857 200 903 eris
211 857 327 910 dealbatis,
339 871 397 916 quae
413 851 479 900 extri
489 849 578 914 quiddm
589 869 629 914 ap·
749 855 802 901 bat:
826 863 849 901 et
866 866 1006 902 arcesserunt
1023 857 1122 919 discipul.

158 928 234 982 parent
242 921 352 982 speciosa,
364 921 426 965 intus
437 915 492 964 verd
503 917 568 978 plena
578 924 631 964 sunt
660 919 714 978 ejus,
726 926 751 964 at
762 920 903 966 ostenderent
919 921 938 967 ei
956 920 1053 968 aedilicia
1065 931 1121 970 tem·

159 984 244 1031 ossibus
254 992 407 1038 mortuorum,
415 983 522 1042 omnique
533 982 629 1028 immun·
660 981 697 1043 pii.

159 1045 218 1095 dtis.
276 1070 282 1076 ·
694 1045 878 1093 ascenaentem
887 1047 1121 1101 dixiteis,Nonneri·

191 1115 222 1158 ¹28
239 1110 279 1158 Ita
286 1119 311 1158 et
319 1127 361 1158 vos
368 1105 433 1156 extra
440 1104 529 1170 quidem
538 1125 629 1170 appare·
661 1109 717 1155 detis
729 1110 887 1156 haecomnia?
904 1109 979 1158 Arnen
995 1113 1044 1158 dieo
1055 1114 1121 1166 vobis.

78 1211 80 1216 ¹
158 1175 188 1222 b's
198 1177 329 1222 hominibus
338 1175 402 1238 justi,
415 1175 477 1220 intus
488 1181 561 1219 autem
572 1173 631 1236 pleni
661 1189 707 1220 non
719 1173 854 1234 relinquetur
871 1175 906 1220 bic
923 1175 977 1236 lapis
993 1191 1059 1237 super
1069 1177 1120 1240 lapi·

162 1241 213 1286 esus
223 1241 339 1302 hypocrisi
350 1247 373 1285 et
384 1238 508 1298 iniquitate.
661 1237 711 1282 dem
723 1237 760 1297 qui
772 1253 817 1284 non
826 1239 965 1288 dissolvatur.

193 1309 224 1352 29
242 1304 294 1350 Vae
306 1305 376 1356 vobis,
385 1303 471 1348 scribae
479 1309 502 1348 et
511 1301 630 1356 Pharisaei,
693 1305 710 1347 3
727 1302 823 1348 Sedente
831 1310 904 1350 autern
914 1319 941 1349 eo
950 1302 972 1349 in
981 1311 1056 1350 monte
1064 1303 1119 1352 oleo

161 1367 307 1428 hypocritae!
334 1367 371 1428 qui
392 1365 512 1412 aedificatis
531 1365 632 1426 sepulcra
661 1380 717 1420 rum,
729 1367 830 1414 adierunt
839 1383 891 1413 eum
903 1368 1004 1430 discipuli
1014 1369 1123 1429 privatim,

162 1433 327 1492 prophetarum,
345 1439 368 1478 et
384 1431 471 1476 ornatis
487 1437 632 1476 monumenta
660 1429 765 1484 dieentes,
778 1429 824 1478 Dic
839 1432 909 1486 nobis,
926 1433 1014 1492 qnando
1031 1433 1084 1480 baec
1099 1450 1122 1480 e·

164 1496 284 1557 justorum,
661 1492 731 1539 runt?
747 1496 840 1555 etqnod
850 1497 894 1542 erit
911 1497 999 1557 signum
1016 1497 1123 1545 adventur

193 1563 226 1606 50
242 1560 278 1606 Et
293 1560 373 1614 dicitis,
393 1559 417 1604 Si
437 1557 556 1604 fuissemus
573 1563 630 1603 tem·
661 1557 699 1611 tui,
711 1564 733 1603 et
744 1561 941 1606 consummationis
953 1560 1039 1606 seculi?

165 1624 252 1684 poribus
262 1631 352 1686 patrum
369 1629 506 1676 nostrorum,
518 1637 563 1667 non
575 1621 630 1667 fuis·
693 1625 709 1666 4
726 1621 758 1668 Et
769 1624 905 1684 respondens
924 1623 992 1671 Jesus
1010 1625 1066 1672 dixit
1085 1627 1122 1680 eis,

164 1702 238 1734 scmus
248 1703 327 1735 eorum
339 1687 394 1734 socii
405 1687 429 1732 in
438 1686 505 1732 caede
512 1686 630 1747 propbeta·
662 1684 744 1732 Videte
754 1688 832 1748 nequis
843 1703 884 1734 vos
899 1688 997 1734 seducat.

165 1765 219 1797 nrm.
694 1754 709 1798 5
727 1750 796 1797 Multi
806 1752 866 1797 enim
877 1753 968 1798 venient
983 1753 1023 1798 sub
1035 1753 1124 1800 nourine

195 1819 224 1861 51
244 1813 326 1876 ltaque
336 1814 449 1861 testamini
462 1809 567 1859 adversis
577 1829 630 1859 vos·
662 1829 719 1867 meo,
731 1815 835 1869 dicentes,
848 1815 902 1876 Ego
919 1831 968 1861 sum
983 1815 1086 1863 Christus
1098 1816 1124 1862 il·

158 1880 277 1940 metipsos,
297 1895 340 1926 vos
358 1894 409 1924 esse
425 1877 483 1923 tilios
502 1893 578 1924 eorum
593 1878 631 1939 qai
662 1878 697 1933 ie;
715 1878 841 1938 multosque
852 1880 965 1925 seducent.

166 1945 282 2004 prophetas
294 1943 448 1992 oeciderunt,
694 1947 710 1988 6
728 1941 838 1987 Futurum
854 1949 889 1988 est
905 1950 978 1988 autern
996 1949 1020 1988 ut
1033 1943 1125 1990 aridiatis

197 2011 229 2053 32
245 2007 297 2054 Vos
308 2023 397 2068 quoque
413 2005 523 2067 complete
539 2021 629 2051 mensu·
663 2005 724 2059 ociis,
744 2013 767 2052 et
786 2020 887 2053 rumores
903 2007 1026 2053 beliorum:
1053 2008 1126 2055 videte

167 2085 211 2116 ram
222 2079 311 2134 patrum
322 2077 458 2136 vestrorum.
662 2071 841 2118 neturbemini:
867 2077 955 2132 oportet
973 2072 1033 2118 enim
1051 2072 1126 2120 omniu

196 2140 228 2182 35
252 2137 380 2197 Serpentes,
402 2133 521 2194 progenies
543 2134 630 2194 vipera·
661 2135 718 2182 haec
728 2133 782 2190 fieri,
792 2135 831 2180 sed
842 2136 939 2181 nondum
950 2136 993 2182 erit
1003 2135 1060 2183 finis.

167 2214 221 2253 rum,
233 2200 346 2260 quomodo
359 2197 460 2258 effugere
475 2197 564 2258 possitis
575 2212 629 2244 eon·
694 2201 709 2245 7
727 2196 834 2259 Insurget
844 2201 903 2246 enim
915 2215 971 2260 gens
986 2201 1009 2246 in
1026 2207 1125 2262 gentem,

167 2263 330 2310 demnationem
342 2261 487 2310 Gehennae?
568 2301 574 2306 .
661 2268 685 2308 et
696 2266 790 2322 regnum
802 2263 825 2308 in
842 2279 949 2323 regnume
971 2271 994 2309 et
1009 2272 1075 2310 erunt
1090 2264 1124 2310 sa-

197 2331 230 2372 54
247 2327 376 2388 Propterea,
393 2341 453 2379 ecce,
470 2341 513 2386 ego
528 2326 592 2371 mitto
603 2325 632 2372 ad
662 2341 716 2378 mes,
734 2326 910 2385 etpestiientiae,
929 2335 952 2372 et
962 2335 1034 2374 terrae
1049 2335 1124 2374 motus

167 2404 206 2436 ros
216 2392 343 2454 propbetas,
352 2402 374 2436 et
383 2390 499 2450 sapientes,
509 2397 531 2435 et
540 2390 630 2445 scribam
662 2389 757 2450 singulis
769 2389 831 2434 iocis.

167 2461 189 2500 et
204 2471 232 2501 ex
246 2455 303 2517 ipsis
317 2454 439 2501 nonnullos
455 2454 590 2499 tnrcidabitis
608 2462 632 2499 et
695 2458 710 2498 8
728 2451 794 2498 Haec
811 2458 885 2499 autern
904 2454 978 2500 omnia
994 2453 1125 2516 principium

166 2519 317 2582 crucifigetis;
334 2525 357 2565 et
365 2533 394 2564 ex
402 2517 455 2579 ipsis
464 2517 582 2563 nonnullos
589 2517 630 2563 fla·
661 2525 730 2564 ertum
741 2517 842 2562 dolorum
851 2515 941 2576 periris.

168 2583 275 2642 gellabitis
297 2583 320 2628 in
339 2581 485 2628 conventibus
504 2583 590 2635 restris,
609 2589 632 2626 et
695 2587 710 2629 9
726 2581 793 2627 Tunc
809 2582 897 2628 tradent
914 2599 955 2629 vos
970 2581 1090 2637 afflictioni,
1105 2590 1126 2632 et

123 2652 129 2666 ⁸
167 2647 327 2709 persequemini
337 2645 473 2708 oppidatim:
662 2645 802 2692 trucidabunt
812 2661 854 2693 vos
863 2662 871 2702 ;
893 2655 915 2692 et
926 2648 987 2694 eritis
998 2647 1060 2694 exosi
1077 2663 1126 2693 om-

196 2715 227 2759 55
255 2711 291 2758 Ut
312 2712 387 2757 veniat
409 2723 475 2770 super
496 2724 536 2755 ros
559 2709 631 2755 omnis
662 2711 726 2756 nibus
737 2711 841 2770 gentibus
850 2721 940 2772 propter
951 2727 1033 2759 nomen
1044 2727 1125 2758 mcum.

167 2776 256 2836 sanguis
269 2777 346 2836 justus
361 2773 445 2821 effusus
462 2779 630 2834 superterram,
697 2777 727 2820 10
743 2774 776 2820 Et
791 2783 845 2820 tune
862 2776 1001 2822 offendentur
1018 2776 1088 2829 multi,
1104 2783 1125 2822 et

167 2851 180 2883 a
200 2841 310 2902 sanguine
337 2838 397 2884 Abel
424 2837 479 2900 justi
506 2853 577 2897 usque
604 2838 632 2883 ad
662 2838 717 2884 alius
739 2837 805 2884 alium
824 2841 909 2900 prodet,
929 2849 952 2886 et
971 2841 1022 2887 odio
1041 2840 1127 2886 habebit

167 2905 298 2964 sanguinem
313 2901 433 2948 Zachariae
447 2900 485 2946 filii
502 2900 630 2955 Baraehiae,
662 2903 717 2948 alius
732 2903 806 2949 aliurn.
854 2907 871 2922 ‘'

168 2981 230 3024 quem
242 2967 355 3014 occidistis
371 2967 430 3012 inter
446 2965 552 3028 tempium
565 2966 629 3012 etal-
651 2992 656 3000 ·
696 2970 722 3012 11
743 2965 775 3013 Et
785 2967 848 3012 multi
860 2968 1077 3028 pseudo-prophetae
1087 2981 1123 3012 cn·

168 3037 218 3077 tare.
662 3031 767 3083 orientur,
780 3046 805 3077 ae
817 3031 922 3076 seducent
932 3032 1022 3076 multos.

197 3099 229 3142 56
246 3093 322 3141 Amen
333 3094 384 3140 (boo
395 3093 465 3146 vobis,
477 3093 566 3140 venient
578 3093 631 3139 haee
698 3098 726 3139 12
744 3095 777 3139 Et
798 3094 903 3152 quoniam
924 3094 1067 3152 multiplicata
1086 3093 1128 3140 erit

168 3161 241 3206 sunnia
252 3173 319 3219 super
329 3164 425 3205 aetatem
436 3157 508 3203 istam.
539 3179 544 3184 ·
662 3156 773 3216 iniquitas,
790 3155 918 3216 refrigescet
933 3157 1027 3202 charitas
1045 3155 1124 3202 multo·

197 3227 228 3271 57
246 3221 379 3277 Jerusalem,
391 3220 522 3275 Jerusalem,
534 3221 631 3268 trucida·
663 3234 720 3266 rum.

168 3286 209 3334 uix
230 3288 397 3350 prophetarum,
419 3285 535 3346 lapidatn'x
554 3300 631 3330 eorum
746 3283 789 3329 Sed
801 3283 838 3342 qui
855 3281 999 3329 sustinuerint
1016 3283 1043 3330 ad
1060 3281 1126 3332 finem

169 3351 201 3397 sui
218 3353 247 3398 ad
265 3359 288 3397 te
306 3351 369 3396 missi
390 3358 448 3403 sunt,
466 3349 552 3410 quoties
570 3349 631 3394 votui
664 3363 740 3409 usque,
751 3348 771 3393 is
782 3347 910 3394 seruabitur.
991 3369 992 3383 r

170 3425 303 3478 :engregare
320 3415 403 3460 liberos
419 3420 476 3468 tuos,
488 3412 631 3474 quemadmo-
746 3412 778 3458 Et
789 3412 948 3472 praedicabitur
959 3411 1018 3458 istud
1030 3427 1127 3475 euange-

97 3491 98 3496 ’
168 3475 216 3524 tium
239 3479 322 3540 gallina
344 3484 469 3539 congregat
489 3477 561 3539 pullos
581 3493 632 3522 suos
663 3476 718 3524 lium
731 3477 794 3537 regni
805 3476 827 3521 in
839 3483 887 3522 toto
903 3483 1010 3522 terrarum
1028 3477 1086 3532 orbe,
1105 3484 1128 3524 ut

168 3543 205 3587 aab
216 3543 268 3596 alas,
280 3549 303 3589 et
315 3541 434 3588 noluistis!
664 3542 693 3588 sit
704 3540 831 3587 testimonio
846 3539 948 3585 omnibus
963 3540 1083 3602 gentibus:
1107 3555 1128 3590 et
1193 3551 1198 3558 ’

198 3609 227 3652 33
246 3606 315 3659 Eece,
329 3605 464 3664 relinquetur
480 3605 542 3650 vobis
554 3604 633 3650 domus
665 3613 719 3651 tunc
730 3605 805 3650 reniet
815 3602 872 3648 finis.

169 3679 239 3716 restra
248 3671 346 3716 deserta.
699 3672 728 3715 15
747 3668 823 3719 Quum
835 3679 890 3727 ergo
901 3667 1000 3715 videritis
1016 3669 1128 3716 abomina-

198 3737 229 3780 ὅθ
247 3734 310 3782 Dico
322 3732 383 3778 enirn
400 3732 468 3784 vobis,
487 3731 633 3792 Nequaquam
666 3731 749 3778 tionem
760 3731 819 3776 iiiam
838 3732 983 3788 vastatricem,
1000 3749 1057 3792 quae
1073 3734 1129 3779 diets

189 3813 202 3844 c
213 3799 233 3846 ni
238 3797 318 3846 debitis
329 3795 357 3840 ab
372 3795 536 3900 h⁰2⁰9t⁹¹¹w⁰¹⁰¹
553 3811 633 3854 unque·
665 3804 700 3842 est
710 3812 749 3856 per
761 3795 880 3842 Danielem
889 3799 1025 3860 proplietam,
1036 3797 1127 3857 positam
