2720 4312
485 409 888 469 Joannlsnrocfflrms,
913 413 958 461 111.

247 516 308 562 erm
328 530 380 578 pan
400 517 501 562 arborum
523 523 602 564 exusta
622 525 663 570 est,
685 525 708 562 et
739 516 799 563 sibus
810 518 911 577 quinque,
920 519 993 592 sitque
1003 520 1113 566 cuciacus
1124 535 1199 567 eorua.

247 595 310 625 omne
321 595 413 640 gramen
425 581 493 625 viride
504 588 614 626 exustum.
740 588 765 626 ut
776 582 885 627 cruciatus
896 583 982 642 scorpii,
991 598 1058 643 quum
1071 586 1201 644 percusserit

277 643 398 689 nDeinde
407 643 515 690 secundus
523 643 711 704 angelusclanxit,
741 644 859 690 hominem.
1141 649 1166 658 ‘'

245 720 266 754 et
288 709 349 766 quasi
370 722 436 754 mons
452 723 546 767 magnus
562 708 615 767 igne
631 707 710 752 ardens
773 713 788 754 6
817 707 895 768 Itaque
918 724 958 769 per
980 724 1018 755 eos
1041 709 1087 755 dius
1105 711 1203 757 homines

246 773 354 831 projectus
369 778 404 817 est
420 771 442 816 in
459 786 532 818 mare:
560 770 660 830 sacraque
676 778 711 817 est
741 779 846 832 quaerent
868 781 968 825 mortem.
985 781 1009 819 et
1025 789 1069 818 non
1092 775 1202 820 invenient

246 835 308 879 sertia
319 849 369 894 pars
380 835 446 880 maris
458 834 555 895 sanguis.
740 851 806 892 eam;
823 844 846 882 et
856 836 1008 882 desiderabunt
1025 837 1088 891 mori,
1100 845 1122 882 et
1133 837 1144 882 s
1152 837 1203 899 rgiet

278 902 292 945 9
309 897 342 944 Et
352 905 440 944 mortua
450 906 484 944 est
500 898 565 944 tertia
581 913 631 959 pars
647 913 709 944 crea·
741 915 801 944 mors
812 901 838 945 ab
849 900 888 946 eis.

246 971 344 1008 turarum
355 976 411 1022 quae
421 969 484 1007 erant
492 961 515 1006 in
523 963 711 1014 mariamnensis
773 966 787 1010 7
807 961 903 1024 Figurae
913 959 967 1009 rerd
978 963 1112 1009 locustarum
1124 964 1204 1011 similes
1292 985 1298 997 =

245 1027 303 1078 dico,
314 1032 337 1070 et
347 1026 412 1072 tertia
422 1041 473 1086 pars
484 1027 572 1071 navium
584 1025 703 1086 perierunt.
741 1035 808 1074 mant
826 1029 887 1086 cquis
902 1028 982 1087 paratis
997 1027 1024 1072 ad
1041 1028 1164 1088 praelum
1180 1044 1204 1074 e·

280 1092 310 1134 10
326 1088 386 1135 Tum
397 1089 490 1150 angelus
501 1091 578 1135 tertius
590 1089 711 1142 elanxitei
741 1099 839 1150 rarrtque
860 1091 975 1152 impositae
1002 1091 1107 1151 capitibus
1129 1106 1203 1138 aarum

246 1152 349 1200 recidite
366 1152 429 1198 coelo
445 1153 509 1199 stella
524 1167 612 1214 magna,
632 1153 711 1198 ardens
741 1162 845 1214 tanquam
856 1169 951 1200 coronae
968 1154 1050 1200 similes
1066 1169 1126 1209 auro,
1137 1162 1161 1200 et
1171 1156 1204 1202 la·

247 1215 307 1264 velut
322 1216 366 1270 fax,
378 1217 501 1277 deciditque
516 1217 539 1262 in
557 1218 643 1263 tertiani
659 1233 710 1278 par*
740 1219 785 1264 cies
796 1233 871 1264 earum
884 1226 907 1262 ut
918 1218 985 1264 sacies
996 1218 1119 1264 hominum.

248 1288 292 1328 tem
314 1279 437 1336 fluminum,
457 1288 479 1326 et
500 1280 523 1326 iu
546 1280 619 1326 fontes
643 1295 710 1340 aqua·
774 1280 839 1327 aEr
850 1282 958 1328 habebant
973 1281 1063 1342 capillos
1075 1287 1100 1327 ut
1115 1281 1208 1343 capillos

248 1357 303 1390 nam.
740 1345 874 1391 mulierum:
893 1354 916 1391 et
932 1346 1009 1391 dentes
1026 1360 1103 1391 earum
1119 1354 1144 1390 ut
1156 1345 1204 1392 leo·

283 1412 307 1453 11
328 1407 419 1455 Nomen
441 1414 514 1454 autern
536 1407 612 1454 stellae
631 1407 711 1453 dicitur
742 1417 888 1456 numerant:

249 1471 409 1518 Absiatlriumr
428 1488 493 1519 versa
509 1479 544 1518 est
562 1472 631 1532 igitur
648 1472 712 1517 tertia
773 1477 788 1520 9
807 1471 927 1519 Habebunt
942 1473 1008 1519 etiam
1024 1472 1103 1518 loricas
1114 1480 1139 1518 ut
1149 1473 1203 1519 lori·

248 1550 297 1597 pars
307 1550 413 1595 aquarum
424 1536 446 1582 in
458 1535 606 1590 absinthium
623 1535 710 1580 etmul-
740 1551 777 1582 cas
793 1535 888 1592 ferream
905 1544 928 1582 et
944 1537 1030 1583 sonitus
1045 1536 1129 1583 alarum
1145 1537 1204 1597 ipsa·

249 1599 263 1644 ti
275 1599 376 1646 homines
384 1599 464 1644 mortui
476 1606 528 1644 sunt
536 1613 564 1644 ex
575 1599 643 1658 aquis,
652 1595 711 1659 qudd
740 1615 790 1646 rum
801 1606 826 1645 ut
834 1601 919 1646 sonitus
930 1615 1041 1655 curruum,
1055 1599 1116 1660 equis
1131 1600 1206 1648 multis

248 1676 335 1709 amarae
345 1662 416 1708 iactae
426 1669 507 1708 essent.
741 1663 878 1710 currentibus
889 1664 917 1709 ad
928 1664 1016 1710 bellurn.

283 1730 312 1771 12
324 1725 413 1772 Deinde
421 1732 513 1786 quartus
520 1723 614 1786 angelus
620 1725 711 1779 clanxit,
776 1731 806 1773 10
822 1727 868 1774 Sed
877 1734 900 1774 et
911 1729 1019 1774 habebant
1030 1727 1110 1773 caudas
1124 1726 1206 1774 similos

249 1799 271 1838 st
289 1805 394 1852 mrcussa
411 1797 446 1836 est
464 1789 530 1836 tertia
547 1805 598 1850 pars
617 1790 677 1842 solis,
690 1797 713 1835 et
742 1792 894 1852 scorpionum:
913 1799 1019 1851 erantque
1029 1790 1098 1837 aculei
1113 1791 1136 1837 in
1153 1806 1206 1836 eau-

250 1855 313 1901 tertia
323 1869 373 1915 pars
384 1853 455 1906 lunae,
466 1860 490 1899 et
500 1854 565 1899 tertia
575 1868 625 1914 pars
637 1853 711 1899 stella·
742 1855 777 1901 dis
798 1871 888 1911 earum3
909 1862 932 1900 et
953 1870 1028 1900 earnm
1044 1861 1141 1916 potesse
1157 1862 1206 1902 erat

250 1933 298 1964 rum
308 1935 316 1974 ;
333 1918 364 1964 iia
374 1924 399 1962 ut
412 1919 566 1963 obscuraretur
581 1917 646 1962 tertia
661 1933 713 1977 pars
743 1934 823 1965 nocere
833 1919 957 1973 homiuibus
968 1933 1055 1964 meuses
1065 1918 1168 1978 quinque.

249 1997 332 2036 eorum,
340 1988 363 2027 et
370 1981 413 2026 diei
425 1995 470 2026 nou
481 1981 567 2027 luceret
575 1996 626 2041 pars
638 1981 710 2034 terna
777 1986 804 2028 ll
824 1982 943 2029 Habebunt
949 1989 1022 2028 autem
1031 1981 1070 2028 sibi
1079 1983 1206 2042 impositum

249 2052 271 2092 et
282 2045 353 2091 noctis
364 2044 470 2090 similiter.
744 2062 826 2107 regem,
848 2047 951 2107 angelum
973 2045 1051 2106 abyssi,
1073 2046 1109 2092 cui
1126 2061 1206 2092 nomen

283 2111 313 2156 15
330 2108 362 2155 Et
373 2108 424 2162 vidi,
435 2115 458 2153 et
469 2107 541 2153 audivi
558 2122 626 2154 unum
643 2123 712 2168 ange·
745 2106 856 2156 Hebraicci
869 2110 984 2163 Abaddon
998 2105 1086 2156 Graece
1102 2105 1156 2155 verti
1172 2109 1207 2155 A·

250 2172 294 2219 lum
311 2171 422 2218 volantem
438 2187 478 2232 per
492 2171 589 2217 medium
605 2171 667 2226 coeli,
679 2173 712 2216 di·
743 2174 840 2235 pollyom
852 2175 877 2220 id
888 2182 926 2227 est,
934 2176 1039 2232 perdens.

250 2242 336 2283 centem
355 2250 410 2282 voce
429 2232 516 2296 magni.
534 2233 590 2290 Vae,
607 2250 654 2288 rae,
665 2251 713 2290 vae,
778 2242 807 2283 12
824 2237 874 2284 Vae
885 2252 953 2283 unum
963 2237 1016 2282 abiit
1022 2255 1029 2292 ς
1045 2242 1068 2282 et
1079 2235 1207 2291 ecee,veui·

250 2300 328 2346 incolis
345 2305 416 2345 terrae
434 2314 448 2344 a
465 2298 553 2359 reliquis
572 2299 632 2344 sonia
649 2301 713 2345 tubae
744 2309 784 2347 unt
795 2301 865 2348 adhuc
876 2301 920 2347 duo
931 2316 973 2346 vae
983 2308 1066 2361 postea.

251 2364 317 2410 trium
334 2363 422 2409 illorum
440 2363 577 2424 angelorum,
594 2363 631 2423 qui
651 2362 712 2408 clau·
778 2369 808 2410 1³
824 2363 884 2410 Tum
896 2371 972 2410 sextus
982 2363 1075 2424 angelus
1085 2362 1174 2416 clanxit,
1185 2372 1208 2410 et

250 2435 311 2490 gent.
743 2429 816 2474 audiri
838 2443 916 2474 vocem
938 2429 1047 2488 quandam
1069 2442 1098 2472 ex
1113 2435 1205 2486 quatuor

743 2493 845 2539 cornibus
856 2491 930 2538 altaris
946 2492 1012 2542 aurei,
1029 2491 1088 2551 quod
1104 2497 1138 2536 est
1154 2497 1207 2536 ante

413 2552 487 2602 cnP.
508 2552 553 2600 ix.
623 2597 625 2602 .
744 2557 820 2603 oculos
832 2555 885 2607 Dei.

252 2622 270 2661 ,Γ
312 2617 366 2664 UM
377 2618 466 2677 quintus
480 2618 575 2678 angelus
591 2617 679 2670 clanxie
691 2623 714 2664 et
778 2624 807 2667 14
824 2619 943 2665 Dicentem
955 2625 1018 2664 sexto
1030 2616 1109 2678 angelo
1120 2617 1157 2677 qui
1168 2618 1207 2664 ha·

342 2682 386 2727 vidi
405 2681 490 2727 stellam
505 2696 518 2725 e
534 2681 597 2726 coelo
610 2681 714 2726 cecidisse
742 2684 806 2728 bebai
817 2685 897 2736 tubam,
911 2683 977 2728 Solve
993 2690 1087 2741 quatuor
1103 2680 1152 2726 illos
1169 2697 1207 2725 an·

253 2745 274 2788 in
286 2753 382 2799 terram;
399 2744 484 2788 etdata
499 2744 564 2789 estei
576 2744 712 2803 1111111111-
743 2746 806 2807 gelos
824 2747 911 2792 uinctos
926 2747 955 2791 ad
973 2759 1078 2807 magnum
1096 2744 1149 2790 illud
1165 2739 1208 2787 tlu-

253 2808 285 2852 uis
297 2807 355 2867 putei
367 2807 447 2866 abyssi.
744 2825 796 2856 men
808 2809 953 2871 Euphratem.

285 2876 300 2916 2
317 2871 412 2932 Aperuit
428 2869 497 2930 igitur
513 2875 604 2930 puteum
620 2869 713 2929 abyssi3
779 2877 808 2920 15
826 2874 898 2920 Soluti
917 2879 969 2919 sunt
985 2872 1053 2934 igitur
1070 2877 1164 2932 quatuor
1178 2867 1208 2916 illi

252 2944 275 2982 et
286 2933 507 2982 ascenditfumusex
520 2942 594 2995 puteo,
607 2933 715 2980 ntfumus
745 2937 825 2999 angeli,
839 2937 908 2999 parati
924 2937 952 2982 ad
970 2937 1054 2990 horam,
1065 2944 1088 2982 et
1103 2935 1167 2989 diem,
1186 2943 1208 2981 et

252 2998 347 3046 fornacis
363 3013 476 3059 maguae:
495 3005 518 3044 et
536 2999 664 3044 obscuratus
682 3005 717 3043 est
745 3017 851 3055 mensem,
863 3007 886 3046 et
899 3014 988 3055 annum,
1006 3006 1030 3045 ut
1046 2997 1147 3045 occidant
1163 3005 1208 3044 ter·

253 3063 287 3110 sol
296 3072 319 3109 et
329 3063 367 3109 a'e‘r
377 3077 390 3109 e
401 3063 462 3108 sumo
474 3061 540 3123 putei.
746 3065 798 3112 tiam
810 3072 894 3127 partem
905 3065 1028 3110 hominum.

284 3131 301 3173 ³
318 3126 356 3172 Ex
365 3125 428 3172 sumo
439 3133 512 3171 autem
528 3124 629 3172 exierunt
642 3125 715 3170 locus·
781 3132 809 3175 16
827 3129 926 3190 Eratque
937 3142 1041 3173 numerus
1049 3124 1157 3186 equestris
1167 3138 1201 3171 ex·

253 3189 321 3238 tasin
332 3198 429 3237 terram:
448 3189 541 3249 dataque
549 3197 583 3236 est
592 3190 633 3234 illis
642 3196 716 3249 potes·
745 3192 828 3239 arcitus
848 3193 882 3238 bie
899 3191 978 3237 millies
999 3197 1092 3236 centena
1120 3189 1204 3236 millia:

253 3262 287 3302 us
297 3254 384 3315 qualem
395 3255 474 3300 babent
490 3261 621 3314 potestatem
635 3260 715 3298 terres·
746 3271 798 3302 nam
809 3255 882 3302 audiri
893 3269 1009 3301 numerum
1020 3267 1105 3299 eorum.

255 3326 299 3364 tres
310 3317 396 3379 scorpii.
781 3323 809 3366 17
828 3317 929 3379 Itemque
945 3317 989 3363 vidi
1006 3331 1075 3377 equos
1090 3331 1131 3377 per
1141 3315 1208 3362 visio·

285 3386 300 3427 4
319 3382 363 3428 Sed
378 3381 430 3442 ipsis
444 3388 479 3427 est
493 3380 583 3433 dictum,
600 3395 628 3426 ne
642 3379 715 3426 laede·
746 3398 805 3437 nem,
824 3391 848 3429 et
864 3384 962 3443 ipsorum
981 3396 1085 3433 sessores,
1105 3381 1209 3426 habentes

256 3453 302 3492 rent
310 3461 402 3507 gramen
411 3453 488 3498 terrae,
497 3460 569 3503 neque
576 3444 645 3490 viride
654 3445 715 3503 quic·
746 3448 846 3493 thoraces
862 3447 947 3507 igneos,
966 3453 989 3490 et
1008 3443 1168 3504 hyacinthinos,
1187 3452 1208 3490 et

255 3518 327 3569 quasa,
338 3524 410 3568 neque
421 3509 487 3554 ullam
498 3509 605 3561 arborem,
617 3507 655 3552 sed
666 3517 715 3552 tan·
746 3511 892 3571 sulphureos;
909 3517 971 3556 erant
979 3515 1052 3554 autem
1059 3508 1130 3568 capita
1140 3522 1209 3566 equo·

257 3571 302 3618 tirm
318 3574 418 3619 homines
434 3573 470 3632 qui
488 3587 533 3617 non
549 3572 653 3618 baberent
669 3572 715 3632 sig·
747 3589 795 3619 rum
807 3582 832 3620 ut
842 3575 914 3634 capita
930 3573 1034 3627 lecnum;
1051 3579 1074 3617 et
1089 3585 1117 3616 ex
1129 3586 1166 3616 ore
1176 3569 1208 3632 ip-

257 3652 308 3682 num
321 3635 366 3682 Dei
377 3637 400 3682 iu
411 3635 520 3682 frontibus
531 3636 583 3681 suis.
746 3653 821 3684 sorum
840 3639 940 3698 prodibat
960 3637 1025 3698 iguis,
1046 3643 1069 3680 et
1087 3633 1168 3688 sumus,
1187 3641 1208 3680 et

287 3703 303 3746 5
323 3699 409 3745 Datum
426 3708 501 3744 autem
519 3706 553 3744 est
569 3698 608 3752 eis,
628 3713 674 3744 non
692 3704 716 3743 ut
747 3701 845 3762 sulphur.

259 3762 356 3812 aoeilsm
366 3778 413 3815 eos,
424 3763 462 3808 sed
463 3769 511 3870 rib
516 3763 642 3810 crucientur
652 3776 715 3808 men·
781 3768 810 3810 18
828 3764 864 3811 Ab
874 3765 908 3810 tis
925 3765 993 3810 tribus
1008 3761 1080 3809 occisa
1096 3768 1129 3808 est
1148 3768 1208 3809 tenir
