2720 4312
373 344 525 396 JOANNIS
542 344 780 403 APOCALYPSIS.
800 347 875 396 Xlll.

130 459 226 518 gerloc-m
240 456 311 520 Agna
323 462 347 502 et
358 470 401 516 per
411 458 537 500 sermbnem
546 455 609 500 teati-
638 451 737 508 bestiam,
744 453 848 508 dicentes,
857 455 916 510 Quis
923 457 999 502 airuilis
1005 459 1101 506 bestiaei

133 523 203 567 monii
216 521 268 568 sui:
296 528 319 566 et
338 520 430 566 animae
448 533 502 564 suae
522 519 609 580 prodigi
638 517 688 577 quis
699 518 780 578 poterit
790 533 889 580 pugnare
900 536 950 566 uum
963 520 1006 567 ed?

131 583 226 631 luerunt
239 584 468 644 usqueadmortcrn.
677 584 692 626 5
717 581 846 642 Datumque
867 593 902 629 est
922 584 942 630 et
964 601 990 630 os
1008 585 1101 647 loquens

167 651 199 694 12
210 647 336 709 Propterea
344 645 467 697 laetamini,
474 644 536 698 coeli,
545 645 609 706 etqui
641 658 723 703 magna
733 653 756 690 et
767 645 923 706 blasphemias:
943 655 965 694 et
976 649 1026 696 data
1037 659 1070 696 est
1082 653 1101 696 ei

132 712 325 760 hubitauaineis.
355 709 408 754 Vae
417 709 495 754 incolis
506 715 577 755 terrae
588 716 611 755 et
639 717 738 768 potestas
755 711 834 770 agendi
853 726 940 758 menses
959 714 1101 776 quadraginta

133 778 220 822 maris:
251 790 302 820 nam
323 773 441 820 descendit
462 773 561 818 diabolus
582 773 611 820 ad
640 771 703 816 duos.

133 854 184 894 roe,
201 839 250 886 irae
261 853 359 900 magnae
369 837 457 898 plenus,
473 836 545 897 utqui
557 836 612 883 sclat
673 839 689 880 6
706 833 801 894 Aperuit
811 835 879 896 igitur
890 853 916 882 os
927 853 990 884 suum
1002 841 1029 888 ad
1045 841 1096 888 bias

54 927 56 930 .
132 903 288 965 *pullutum
300 901 410 962 temporis
422 900 508 945 battere.
641 897 751 958 phemiam
772 897 878 944 adverada
900 901 983 957 Deum,
1006 913 1029 949 ut
1049 921 1099 949 corr·

170 971 202 1013 13
221 966 300 1020 Quum
312 965 384 1026 Igitur
396 963 488 1008 viditaet
504 963 571 1009 draco
587 977 612 1010 sa
641 961 704 1007 viciis
712 961 809 1008 afficeret
826 978 906 1008 nomen
923 966 976 1026 cjua
993 977 1016 1012 et
1032 970 1103 1014 tabe.

135 1032 263 1093 projectum
272 1045 321 1076 esse
330 1029 354 1073 in
364 1037 454 1077 terram,
466 1034 612 1086 persequutus
641 1025 745 1070 naculum
756 1026 809 1087 ejus,
826 1035 849 1072 et
859 1042 898 1073 eos
909 1029 946 1089 qui
957 1030 980 1075 in
991 1031 1053 1077 coelo
1064 1032 1103 1080 ts·

137 1101 172 1141 rat
182 1094 300 1140 mulcerem
316 1106 377 1153 quae
393 1097 508 1151 pepererat
523 1105 612 1136 mascu-
641 1087 719 1134 bitant.

136 1156 193 1206 lum.
675 1155 689 1199 7
708 1152 781 1198 Sedet
788 1153 862 1199 datum
870 1155 1018 1202 etter'bellum
1027 1173 1105 1218 gerere

173 1225 204 1267 14
217 1219 262 1267 Sed
270 1219 336 1266 datae
343 1226 397 1264 sunt
407 1217 492 1264 mulieri
501 1217 548 1264 alae
556 1217 612 1263 duae
642 1230 694 1262 cum
706 1217 794 1269 sanctis,
811 1226 834 1262 et
844 1233 883 1263 eoa
894 1219 997 1268 vincerer
1017 1233 1039 1266 et
1055 1223 1105 1272 data

137 1285 227 1346 aquilae
235 1299 340 1346 maguae,
353 1291 379 1328 ut
390 1281 611 1342 volaretaconspec·
643 1288 678 1324 est
688 1281 708 1324 ei
720 1287 817 1341 potestas
833 1281 856 1325 in
873 1297 961 1329 omnem
979 1285 1067 1340 tribum,
1083 1295 1105 1334 et

138 1359 164 1394 tu
185 1349 294 1410 serpentis
312 1347 336 1392 in
357 1345 477 1398 desertum,
497 1346 520 1391 in
539 1343 612 1390 locum
643 1342 748 1403 linguam,
760 1352 783 1389 et
793 1351 890 1404 gentem.

139 1427 214 1467 suurn,
237 1412 272 1458 ubi
294 1411 394 1458 aleretur
415 1423 455 1469 per
474 1417 567 1469 tempus,
589 1419 612 1454 et
675 1404 1103 1467 8Itaqueodorubunteamomnesrn·

140 1482 248 1538 tempora,
259 1482 283 1522 et
293 1474 412 1521 dimidium
424 1473 536 1532 temporis.
642 1469 705 1516 colae
713 1477 790 1522 terrae,
801 1487 895 1532 quorum
908 1491 952 1521 uon
965 1483 1016 1522 sunt
1025 1479 1105 1539 scriptu

175 1543 205 1587 15
222 1539 381 1600 Ejecitautem
391 1551 481 1596 serpens
489 1550 517 1581 ex
526 1551 565 1580 ore
572 1551 612 1581 suo
643 1534 763 1581 nominain
773 1536 827 1581 libro
837 1537 894 1584 ritae
905 1539 964 1601 Agrii
976 1540 1033 1586 illius
1044 1557 1105 1589 msa·
1199 1523 1202 1538 ζ

139 1610 192 1664 post
211 1603 329 1649 mulierem
350 1615 430 1660 aquam
447 1607 550 1659 tanquam
568 1597 610 1644 llu·
643 1599 681 1644 tati
691 1597 745 1658 jam
763 1602 817 1646 iude
832 1603 924 1662 ajnctis
941 1605 1015 1650 mundi
1026 1605 1105 1653 furum.

141 1681 201 1721 men,
233 1674 259 1713 ut
285 1681 337 1712 eam
362 1665 446 1709 faceret
471 1663 516 1724 rapi
536 1677 549 1708 a
568 1661 611 1708 llu-
643 1663 730 1706 mentia

140 1732 217 1778 minet
676 1731 690 1771 9
709 1725 781 1784 Siquis
792 1725 857 1772 habet
867 1742 949 1780 aurem.
962 1731 1041 1775 audiat

183 1798 213 1841 16
238 1794 283 1842 Sed
306 1790 418 1838 succurrit
439 1797 498 1835 terra
518 1788 612 1844 mulieri,
679 1791 708 1832 10
725 1789 798 1847 Siquis
810 1789 832 1832 in
847 1793 995 1850 captiuitatem
1012 1794 1065 1854 ogit,
1083 1797 1103 1843 1.

141 1857 271 1919 aperuitque
283 1867 344 1903 terra
355 1869 381 1900 os
392 1869 464 1906 suum,
482 1860 505 1898 et
520 1855 611 1913 absorp-
642 1852 791 1912 captivitatem
806 1851 866 1898 abit:
894 1856 961 1915 siquis
977 1855 1050 1916 gladio
1067 1875 1105 1904 oc-

142 1923 173 1968 sit
182 1922 267 1968 flumen
278 1919 341 1982 quod
351 1919 447 1980 ejecerat
457 1918 523 1963 draco
534 1931 563 1962 ex
574 1933 612 1963 ore
643 1916 725 1968 uiderit,
754 1923 841 1975 oportet
862 1932 912 1963 euru
934 1919 1007 1979 gladio
1029 1923 1103 1971 occidi

143 1999 191 2032 suo.
645 1977 691 2024 Hic
713 1988 748 2026 est
770 1980 885 2027 tolerantia
905 1989 928 2028 et
946 1983 1000 2028 tides
1017 1995 1105 2030 sancto-

178 2053 207 2096 17
225 2047 301 2094 Iratus
310 2053 346 2092 cst
353 2044 421 2106 igitur
432 2043 498 2090 draco
507 2044 613 2090 adversus
644 2057 700 2088 rum.

145 2113 274 2159 mulierem:
295 2119 319 2156 et
327 2111 386 2162 abiit,
399 2116 423 2153 ut
433 2116 522 2168 gereret
532 2105 612 2153 bellum
678 2110 705 2152 ll
724 2105 814 2154 Deinde
830 2109 874 2154 vidi
891 2110 955 2156 aliam
966 2110 1058 2157 bestiam
1070 2127 1105 2158 as-

144 2191 195 2222 cum
208 2176 299 2236 reliquis
316 2174 410 2233 exejus
428 2171 518 2224 semine,
538 2173 613 2216 obser·
644 2171 775 2217 ceudentem
786 2186 799 2216 e
811 2171 874 2227 terri,
892 2175 1006 2220 habentem
1024 2191 1106 2223 comus

145 2241 247 2287 vantibus
258 2237 365 2285 mandata
377 2235 429 2287 Dei,
446 2242 469 2280 et
485 2235 615 2282 habentibus
644 2234 688 2279 duo
708 2233 787 2280 similia
807 2237 867 2296 agni,
884 2239 922 2283 sed
938 2238 1066 2297 loquebatur
1083 2248 1107 2286 ur

146 2304 299 2350 testImonium
307 2300 325 2348 J
326 2299 393 2346 ESU
406 2297 496 2346 Christi.
645 2298 719 2343 draco.

146 2417 157 2428 ι
180 2371 208 2414 18
226 2366 331 2426 Stetique
341 2379 408 2424 super
419 2377 507 2408 arenam
520 2361 593 2408 maris.
679 2365 708 2406 la
725 2361 761 2406 Ea
769 2359 822 2408 verd
830 2371 961 2424 potestatem
970 2364 1048 2425 prioris
1056 2367 1105 2413 bes·

313 2485 317 2490 ,
648 2424 692 2470 tiae
713 2439 801 2470 omnem
823 2434 912 2473 exercet
938 2427 960 2472 ln
988 2441 1106 2491 conspectu

295 2489 371 2538 CAP.
389 2486 466 2534 XIII.
645 2489 699 2549 ejus,
711 2488 796 2533 etfacit
807 2498 832 2536 ut
844 2498 901 2538 terra
911 2499 934 2537 et
944 2491 1012 2552 Ipsius
1023 2493 1106 2540 incolae

207 2556 263 2604 UM
276 2557 321 2601 vidi
333 2555 450 2600 bestiame
465 2551 520 2598 mari
537 2566 614 2598 ascen·
646 2553 739 2596 adorent
749 2552 840 2599 bestiam
851 2555 910 2600 illam
927 2557 1027 2616 primam,
1044 2561 1105 2618 cujus

147 2561 204 2675 Τ
216 2621 315 2672 dentem,
324 2633 381 2678 quae
388 2617 480 2662 habebat
486 2616 557 2676 capita
565 2631 615 2676 sep·
646 2625 721 2661 curata
732 2615 802 2662 fuerat
813 2618 879 2680 plaga
889 2619 980 2666 lethalia.

148 2691 199 2739 tem,
217 2693 241 2730 et
258 2696 345 2730 cornua
361 2681 453 2734 decem;
477 2687 499 2725 et
514 2679 617 2741 imposita
681 2683 711 2724 15
727 2678 824 2742 Editque
836 2684 900 2744 sigua
910 2699 997 2746 nrugna,
1015 2685 1069 2731 atteri
1084 2696 1107 2732 ua

149 2750 252 2794 cornibus
273 2749 322 2808 ejus
344 2744 421 2790 decem
443 2743 571 2796 diademata
594 2751 617 2790 et
646 2744 712 2789 etiam
730 2745 804 2806 ignem
823 2747 889 2794 saciat
905 2763 918 2794 e
935 2749 998 2795 coelo
1017 2751 1107 2796 desem.

149 2811 277 2872 Impositum
289 2809 396 2870 capitibus
407 2807 454 2868 ejus
466 2821 547 2852 nornen
558 2805 615 2852 blas·
647 2807 698 2852 alere
716 2809 738 2853 in
756 2817 835 2856 terram
855 2813 878 2857 in
897 2825 1015 2873 conspectu
1036 2815 1107 2860 borni·

149 2875 256 2938 phemiae.
647 2885 707 2916 num.

181 2943 196 2984 2
213 2938 316 2996 Eratque
327 2935 383 2981 haec
392 2932 468 2988 bestia,
484 2947 551 2994 quarn
564 2931 616 2988 vidi,
682 2937 710 2978 14
727 2933 760 2978 Et
771 2935 855 2981 seducit
863 2936 945 2982 incolas
954 2947 1029 2992 terrae,
1043 2955 1108 3000 prop·

151 3003 227 3048 similis
244 3001 321 3062 pardo,
337 3006 362 3044 et
377 2998 445 3058 pedes
457 2998 505 3059 ejus
516 3004 541 3042 ut
551 2996 617 3057 pedes
647 3006 681 3042 ter
692 2997 756 3057 signa
766 3013 822 3057 quae
833 2999 908 3044 datum
919 3007 953 3046 est
968 3002 987 3046 ei
1005 3011 1029 3047 ut
1045 3004 1106 3049 saciat

150 3067 201 3120 ursi,
220 3073 244 3112 et
261 3079 288 3109 os
303 3064 351 3123 ejus
367 3069 393 3106 ut
407 3076 432 3106 os
448 3061 533 3108 leonis:
557 3060 618 3106 dedit
647 3061 671 3106 in
689 3069 808 3122 conspectu
827 3063 914 3116 bestiae,
937 3063 1011 3111 dicens
1032 3067 1109 3114 incolis

106 3179 111 3190 ,
152 3137 225 3176 autem
245 3128 265 3174 ei
288 3127 355 3171 draco
378 3125 482 3169 virtutem
504 3138 573 3178 suam,
595 3131 619 3170 et
648 3130 725 3178 terrae,
746 3133 770 3170 ut
789 3125 870 3172 lactant
889 3127 1008 3188 imaginem
1028 3131 1108 3176 besuae

151 3207 255 3240 mronum
275 3205 347 3240 suum.
365 3197 388 3234 et
404 3196 535 3249 potestatem
552 3202 617 3249 mag·
648 3203 704 3247 quae
721 3188 796 3248 gladio
814 3190 928 3236 vulnerata
946 3193 993 3245 luit,
1016 3193 1054 3239 sed
1074 3208 1107 3238 re-

152 3271 199 3302 narr
648 3251 711 3296 vixit.

57 3323 60 3330 ’
113 3373 117 3380 ,
183 3317 251 3366 &Et
266 3316 311 3362 ridi
328 3329 397 3360 unum
413 3327 443 3360 ex
453 3315 560 3376 capitibus
570 3315 618 3374 ejus
683 3317 712 3361 15
728 3313 858 3375 Datumque
870 3325 904 3363 eat
918 3317 945 3371 ei,
964 3327 988 3364 ut
1004 3319 1108 3367 animare

153 3381 213 3442 quas}
232 3380 343 3427 lethaliter
360 3393 465 3425 caesum:
492 3378 531 3425 sed
550 3378 618 3438 ipsius
649 3376 869 3439 imaginemuesuae,
887 3389 911 3427 ut
927 3381 993 3428 etiam
1010 3383 1108 3444 loquatur

153 3446 218 3507 pbga
236 3443 323 3490 lethalis
341 3449 417 3488 curata
433 3449 484 3498 est;
506 3448 530 3488 et
547 3441 617 3487 admi-
649 3441 724 3502 imago
741 3443 838 3500 bestiae;
860 3451 883 3490 et
894 3435 964 3499 sadiat,
983 3447 1109 3507 utqulcun·

154 3523 204 3556 rans
216 3509 321 3558 universa
338 3514 396 3550 terra
412 3515 503 3566 sequuta
518 3512 553 3551 est
568 3505 618 3550 bes·
650 3518 693 3564 que
705 3521 749 3551 non
760 3505 871 3554 adordrint
887 3509 1006 3571 imaginem
1023 3512 1110 3569 bestiae,

154 3573 214 3618 itm,
650 3569 785 3616 occidantur.

186 3640 202 3680 4
219 3634 252 3681 Et
263 3629 384 3680 adordmnt
395 3631 519 3685 draconem,
531 3630 568 3692 qui
580 3630 619 3676 de·
685 3634 714 3677 16
731 3632 775 3679 Sed
785 3641 808 3679 et
818 3632 877 3688 facit,
889 3643 913 3680 ut
925 3651 1008 3694 omnes,
1020 3641 1080 3702 parvi
1090 3653 1110 3688 ct

154 3698 329 3760 diaprrteatatem
341 3695 436 3741 bestiae:
462 3705 484 3741 et
500 3692 620 3740 adorirunt
650 3695 732 3757 magni.
749 3696 828 3744 divites
843 3707 867 3745 et
882 3714 994 3762 pauperes,
1012 3704 1072 3752 libai
1089 3713 1110 3752 ot

365 3761 412 3802 283
