2720 4312
544 397 651 444 PAULI
667 397 835 444 EPISTULA

213 506 246 551 nbi
265 512 337 550 autem
357 503 449 565 Spiritus
460 501 496 548 ille
512 500 613 556 Domini,
629 501 672 550 iliic
739 506 768 547 12
785 500 863 561 Itaque
882 517 942 548 mors
956 499 1044 562 quidem
1064 503 1087 548 in
1104 505 1163 550 oola.

212 570 306 614 hirenes.
705 565 757 626 agit,
769 565 815 611 vitu
826 562 878 610 verri
890 567 912 610 in
924 567 995 611 vobis.

246 635 274 676 18
294 629 341 676 Nos
352 625 673 683 autemomnesretectisacie‚
741 631 769 673 1³
786 629 818 674 Et
834 630 936 687 quoniam
953 631 1057 674 habemus
1072 629 1166 676 eundem

212 695 303 756 gloriam
324 693 417 738 Domini
433 702 458 738 ut
472 695 494 737 in
509 692 598 752 speculo
615 691 673 738 intu·
706 693 805 753 spiritum
824 692 880 746 iidei,
900 691 1018 738 secundrim
1038 693 1092 738 illud
1109 693 1168 753 quod

211 767 279 809 entes,
291 758 314 803 in
325 757 416 802 eandem
433 756 551 816 imaginem
567 755 674 802 transier-
706 758 811 816 scriptum
828 765 867 808 est,
887 754 982 808 Credidi,
993 765 1014 802 et
1026 757 1075 802 ideo
1088 757 1167 816 loquu-

212 835 303 874 mamur,
315 834 344 866 ex
354 817 426 880 gioria
440 820 462 866 in
478 819 578 881 gloriam,
595 819 651 864 sicut
662 835 676 864 a
706 826 811 866 iussum:
826 835 867 864 nos
876 821 1168 880 quoquecredimrsqsam·

214 881 306 932 Domini
319 884 408 945 Spiritu.
706 885 780 928 obrem
791 883 857 928 etiam
868 883 993 942 loquimur:

741 950 770 991 14
787 947 886 992 Scientes
897 947 951 1000 sore,
963 955 986 992 ut
1002 947 1038 1007 qui
1056 947 1169 993 suscitarit

374 1008 448 1058 caP.
471 1008 515 1056 IV.
708 1008 832 1056 Dominum
854 1008 939 1063 Jesum,
962 1015 1003 1056 'nos
1024 1026 1110 1070 quoque
1129 1025 1168 1072 per

247 1073 454 1138 murratum
470 1088 538 1134 quum
557 1072 674 1118 ministeri-
707 1073 785 1120 Jesum
797 1073 893 1127 suscitet,
904 1074 999 1119 etsistat
1010 1075 1130 1120 uobiscum

241 1184 245 1189 ,
300 1154 337 1184 um
348 1139 391 1184 hoc
399 1139 523 1190 habeamus,
532 1145 598 1198 prout
609 1137 668 1182 mise
742 1140 770 1182 15
788 1136 848 1182 Nam
863 1137 916 1183 haec
932 1138 1006 1183 omnia
1022 1146 1110 1198 propter
1128 1151 1170 1184 ros

224 1201 329 1248 icordiam
339 1203 469 1262 consequuti
477 1216 559 1255 sumus,
569 1215 614 1246 uon
623 1215 675 1260 seg-
706 1199 781 1264 fiunt,
793 1207 818 1245 ut
828 1201 900 1260 gratia
910 1201 947 1246 iila
955 1201 1110 1261 copiosissima,
1120 1201 1170 1260 plu·

217 1267 339 1314 rescimus:
455 1313 457 1318 ,
708 1265 767 1310 ribus
783 1264 866 1324 gratias
884 1266 1005 1326 agentibus,
1025 1265 1133 1310 smerdet
1147 1265 1170 1310 ia

247 1330 323 1376 aseri
334 1328 481 1374 abdicavimus
492 1327 632 1388 turpitudinis
643 1326 675 1372 la·
707 1327 802 1389 gloriam
814 1326 867 1373 Dei.
896 1361 898 1368 ,

216 1393 292 1446 tebras,
302 1407 346 1437 non
358 1407 409 1437 cum
418 1392 534 1437 calliditate
543 1391 676 1443 incedentes,
742 1395 772 1437 16
789 1389 910 1452 Propterea
930 1392 960 1436 ita
979 1405 1024 1436 nou
1046 1390 1167 1437 succumbi·

215 1471 285 1514 neque
304 1455 407 1500 falsantes
425 1469 549 1500 sermonem
569 1452 622 1508 Dei,
638 1454 677 1499 sed
708 1470 772 1501 mus:
791 1455 1171 1501 aedetiamsiexteruushomonos-

215 1520 360 1564 declaratione
379 1518 476 1564 veritatis
498 1518 677 1565 commendantes
708 1525 742 1564 ter
760 1520 914 1580 corrumpitur,
927 1519 1027 1564 internus
1043 1525 1116 1564 tamen
1134 1534 1171 1564 re-

216 1584 315 1642 nosipsns
332 1582 389 1642 apud
410 1597 499 1626 omnem
521 1581 677 1626 conscientiam
709 1583 901 1628 nouaturindies.

216 1647 335 1698 nominum,
347 1645 369 1690 in
381 1653 500 1706 conspectu
511 1643 564 1690 Dei.
743 1648 771 1692 17
790 1645 949 1692 Momentauea
967 1645 1026 1690 enim
1044 1644 1123 1692 levitas
1136 1647 1169 1692 ai·

247 1714 262 1754 3
280 1707 347 1764 Quod
358 1709 376 1754 si
391 1717 473 1755 tectum
487 1715 522 1754 est
537 1707 677 1768 evangelium
709 1707 812 1755 flictionis
820 1717 914 1764 nostrae,
920 1710 1053 1755 excellenter
1059 1710 1171 1754 excellen-

217 1783 321 1828 nostrum,
334 1774 360 1819 iis
371 1774 408 1833 qui
419 1780 511 1834 pereunt
522 1780 605 1818 tectum
616 1780 664 1817 est:
709 1774 737 1818 tis
754 1774 838 1834 gloriae
855 1774 941 1836 pondus
955 1780 1068 1820 aeternum
1083 1773 1172 1837 conticit

248 1843 263 1882 4
282 1835 308 1882 In
320 1838 398 1898 quibus
409 1838 462 1882 deus
477 1838 541 1896 hujus
556 1835 622 1881 seculi
636 1851 677 1881 ex·
709 1837 785 1882 nobis:

217 1903 313 1948 caecavit
325 1909 415 1955 mentes,
424 1916 504 1960 nernpe
514 1901 537 1945 in
548 1899 677 1953 infidelibus,
743 1904 772 1946 18
789 1899 852 1946 Dum
869 1916 914 1946 non
931 1907 1054 1962 spectamus
1070 1915 1097 1946 ea
1115 1916 1172 1960 quae

218 1981 244 2012 ne
255 1966 342 2011 irradiet
355 1981 394 2011 eos
412 1965 487 2010 iumen
502 1963 610 2023 evangelii
625 1964 676 2025 glo·
708 1973 835 2019 cemuntur‚
847 1965 886 2010 sed
899 1979 996 2024 eaquae
1013 1980 1057 2010 non
1074 1979 1172 2009 cernun-

217 2030 261 2074 n'ae
273 2027 362 2081 Christi,
374 2029 411 2089 qui
422 2035 455 2074 est
466 2029 540 2087 imago
553 2025 605 2072 Dei.
709 2034 760 2074 ture
779 2044 830 2074 nam
847 2044 903 2088 quae
918 2035 1045 2090 cernuntur,
1060 2036 1172 2088 tempora‹

217 2109 219 2113 ·
250 2095 265 2138 5
282 2092 336 2136 Non
345 2093 403 2136 enim
412 2092 512 2151 nosipsos
521 2091 676 2151 praedicamus,
710 2088 741 2138 ria
751 2100 816 2149 sunt;
834 2099 856 2138 at
867 2107 923 2152 quae
934 2107 979 2137 non
994 2099 1121 2145 cernuntur,
1133 2107 1171 2138 ae·

217 2157 255 2201 sed
267 2153 380 2202 Christum
391 2155 470 2202 Jesurn
481 2170 526 2200 esse
538 2153 677 2210 Dominum;
710 2163 778 2202 terna.
963 2159 966 2167 '

219 2235 258 2264 nos
269 2228 342 2265 antem
354 2235 430 2266 servos
438 2225 524 2264 vestros
536 2225 625 2278 propter
636 2217 676 2266 Je·
1044 2263 1046 2266 ,

218 2299 273 2330 Sunt.
877 2280 951 2330 CAP·
974 2281 1004 2327 V·

249 2353 263 2393 6
281 2347 393 2400 Quoniam
413 2346 484 2400 Deus,
501 2347 537 2406 qui
555 2345 609 2391 dixit
626 2352 650 2390 ut
666 2360 678 2390 e
729 2343 862 2392 *tCIMUS
883 2347 942 2392 enim
960 2361 1008 2398 nos,
1027 2345 1044 2390 si
1063 2352 1172 2391 terrestris

134 2449 143 2460 .
218 2411 311 2456 tenebris
328 2406 366 2456 iux
381 2411 548 2472 splendesceret,
565 2411 584 2455 is
595 2417 626 2455 est
641 2408 678 2468 qui
713 2420 731 2462 t
783 2410 848 2470 hujus
859 2410 938 2456 domas
946 2417 1034 2455 nostrae
1042 2410 1173 2456 tabernacu-

218 2475 325 2536 splenduit
333 2475 354 2520 in
364 2475 464 2520 cordibus
471 2474 564 2528 nostris;
576 2473 604 2518 ad
607 2488 678 2532 prae·
709 2471 755 2518 lum
772 2473 902 2518 dissolutum
918 2473 990 2526 fuerit,
1006 2471 1127 2518 aedificium
1144 2489 1174 2519 ex

219 2541 312 2584 tendum
334 2539 408 2583 lumen
436 2537 569 2596 cognitionis
594 2537 679 2597 gloriae
710 2534 763 2582 Deo
782 2537 900 2592 habituros,
918 2536 1051 2583 domicilium
1069 2539 1173 2582 videlicet

218 2602 262 2647 Dei
272 2602 294 2646 in
306 2601 361 2646 facie
372 2600 426 2648 Jesu
440 2599 530 2647 Christi.
710 2615 755 2646 nou
767 2600 922 2655 manufactum,
934 2610 1047 2646 aeternum
1057 2601 1078 2645 in
1090 2601 1166 2646 coelis.

249 2668 263 2710 7
276 2663 391 2708 Habemus
402 2671 475 2710 autem
485 2665 610 2709 thesaurum
620 2664 678 2708 hunc
743 2668 758 2708 2
775 2662 803 2710 In
814 2665 856 2710 hoc
863 2665 943 2710 etenim
953 2665 1093 2724 suspiramus,
1103 2679 1173 2724 expe-

217 2728 238 2772 in
254 2727 355 2772 testaceis
370 2726 469 2779 vasculis,
487 2733 512 2771 ut
528 2728 575 2786 ejus
591 2727 679 2772 virtutis
710 2735 782 2774 tentes
793 2728 903 2774 domicilio
920 2735 1003 2781 nostro,
1016 2729 1074 2788 quod
1085 2744 1097 2772 e
1108 2729 1173 2774 coelo

218 2790 347 2851 praestantia
369 2790 396 2834 sit
414 2788 466 2842 Dei,
486 2797 509 2834 et
527 2805 572 2835 non
592 2805 621 2834 ex
637 2805 678 2836 no·
709 2798 749 2844 est,
762 2792 902 2852 superinduit

218 2855 264 2900 'nisz
741 2859 758 2900 3
775 2855 887 2914 Siquidem
898 2857 963 2902 etiam
976 2855 1052 2909 induti,
1062 2870 1106 2900 non
1119 2855 1174 2901 nudi

249 2921 263 2962 8
281 2915 345 2962 Dum
362 2916 384 2961 in
401 2916 502 2962 omnibus
516 2915 641 2976 affligimur,
656 2924 679 2963 at
710 2919 850 2980 reperiemur.

218 2997 262 3028 nnn
277 2987 427 3026 coarctamur:
446 2981 584 3034 haesitamus,
597 2988 619 3026 at
633 2997 678 3028 non
742 2981 865 3028 4Etenim
876 2983 913 3042 qui
929 2998 1006 3030 sumus
1015 2983 1036 3027 in
1048 2983 1089 3028 hoc
1099 2983 1175 3028 taber·
1234 3022 1239 3026 .

218 3060 306 3107 prorsus
316 3046 446 3091 haeremusr
710 3046 796 3100 uaeulo,
816 3047 950 3107 suspiramus
967 3047 1069 3106 gravati:
1088 3047 1110 3091 in
1128 3062 1175 3106 qno
1203 3073 1206 3077 ·

250 3115 265 3156 9
282 3107 478 3168 Perrequutionem
489 3108 590 3169 patimur,
606 3109 678 3154 sedin
709 3111 828 3156 constituti
843 3125 889 3155 non
908 3111 1009 3170 cupimus
1023 3106 1047 3156 eo
1063 3111 1121 3160 exui,
1134 3111 1174 3158 sed

217 3171 241 3223 eri
254 3188 298 3219 non
310 3173 447 3230 deserimur;
464 3173 582 3234 dejicimur,
594 3181 617 3218 at
633 3187 678 3217 non
710 3173 842 3233 superindui,
857 3181 882 3222 ut
894 3175 1034 3222 absorbeatur
1051 3174 1175 3221 mortalitas

217 3238 313 3298 perimus
325 3253 331 3282 r
709 3233 785 3282 aviti.

252 3305 281 3346 10
299 3299 377 3346 Uiiivis
385 3299 575 3344 mortificationem
585 3298 678 3345 Domini
741 3303 757 3347 5
775 3297 846 3345 Porrri
866 3298 931 3345 Deus
950 3315 970 3345 rs
986 3307 1024 3353 est,
1041 3300 1077 3358 qui
1095 3300 1175 3346 nosad

219 3362 272 3413 ,lesu
291 3365 314 3408 in
333 3378 425 3424 corpore
446 3361 632 3416 circumferentes,
655 3371 679 3408 ut
710 3364 752 3410 hoe
771 3363 842 3424 ipsum
862 3364 965 3412 condidit.
976 3364 1014 3423 qui
1030 3363 1096 3408 etiam
1113 3363 1175 3409 dedit

219 3429 282 3474 etiam
294 3428 340 3474 vita
355 3427 392 3474 illa
406 3426 461 3475 Jesu
478 3427 500 3471 in
517 3442 609 3487 corpore
626 3442 678 3472 nos·
710 3427 772 3472 nobis
783 3428 926 3472 arrhabonem
939 3427 1040 3488 Spiritris.

220 3489 435 3537 sentententiae
743 3495 758 3535 6
781 3488 925 3537 Confidentes
947 3491 1015 3551 igitur
1036 3504 1128 3550 sempor,
1150 3497 1174 3537 et

254 3558 277 3599 ll
299 3555 391 3614 Semper
400 3555 459 3600 enim
471 3568 518 3607 nos,
529 3553 566 3614 qui
577 3554 679 3607 vivimus,
711 3555 805 3600 scientes
815 3554 868 3600 dum
884 3569 1047 3600 commoramur
1059 3554 1081 3600 iu
1093 3567 1174 3614 corpo-
1195 3549 1199 3554 ’

219 3618 284 3662 morti
305 3619 411 3664 tradimur
432 3625 521 3678 propter
541 3616 627 3671 Jesum,
655 3626 680 3663 ut
711 3633 741 3672 re,
753 3633 794 3662 nos
805 3633 898 3678 peregre
909 3618 984 3664 abesse
995 3633 1008 3664 a
1019 3617 1137 3664 Domino:

219 3681 284 3736 eiiam
295 3681 340 3726 vita
348 3680 403 3726 Jesn
412 3679 571 3728 manifestafiat
580 3682 602 3727 in
614 3696 680 3728 carne
743 3683 757 3728 7
776 3680 909 3742 (Persidem
921 3682 979 3728 enim
991 3682 1118 3729 incedimus.
1127 3693 1172 3726 not

234 3740 294 3788 ostri
305 3743 397 3818 mortali.
419 3795 468 3843 Μ
710 3760 749 3805 per
759 3750 900 3806 aspectum-l
