2734 4314
551 460 668 518 Lucu,
693 461 752 509 xil.

169 563 295 627 airerdqui
311 563 421 614 adversds
437 566 546 628 Spiritum
564 566 634 612 Sanc·
665 565 757 626 gitanda
771 575 843 627 potest
858 581 968 627 apponere
983 566 1011 614 ad
1027 572 1130 615 sutum

173 631 413 690 umbusphemaven't,
422 646 469 676 non
477 631 636 677 remitteturei.
668 645 730 675 suam
742 631 839 676 cubitum
852 646 919 676 unum
929 630 940 676 i

200 697 226 738 ll
246 693 325 748 Quum
348 706 424 740 autem
444 694 578 740 adduxerint
598 711 638 740 vos
700 698 731 740 26
749 692 905 754 ltaquesine
914 711 960 740 rem
968 695 1057 756 quidem
1066 695 1131 742 mini·

169 757 194 802 ad
212 773 347 819 sqmagogas,
368 765 392 803 et
407 758 435 804 ad
451 758 596 819 magistratus
612 774 637 804 ac
668 771 726 802 main
736 766 856 816 praestare
864 760 962 820 potestis,
973 760 1027 820 quid
1038 760 1065 806 de
1077 761 1130 808 resi-

168 828 292 881 putestates,
310 837 339 866 ne
351 821 432 868 soliciti
443 829 515 867 estote
526 823 638 882 quomodo
668 821 716 866 duis
729 822 770 866 illis
781 823 834 868 estis
845 822 944 870 soliciti?

168 891 205 931 aut
215 885 268 945 quid
283 900 325 946 pro
342 885 473 932 defensione
489 886 581 940 allaturi,
599 895 637 932 aut
701 889 731 931 at
747 883 892 932 Considerate
898 885 948 941 lilia,
954 888 1066 947 quomodo
1072 905 1131 935 cres·

171 949 222 1008 quid
232 949 312 995 dicturi
324 949 386 995 sitis:
668 958 735 1004 cant3
760 965 805 994 non
825 949 952 1010 fatigantur,
972 967 1044 1011 neque
1062 964 1130 1000 nent:

202 1015 231 1058 12
249 1013 346 1073 Spiritus
359 1013 419 1058 enirn
438 1012 534 1059 Sanctus
551 1013 638 1062 docebit
667 1012 717 1058 dico
739 1020 814 1058 autem
841 1015 909 1068 vobis,
938 1015 1132 1063 nesolomonem

171 1091 210 1122 ros
220 1093 247 1122 eo
259 1077 308 1138 ipso
323 1085 446 1132 momento,
464 1093 520 1138 quae
537 1085 638 1138 oporteat
668 1072 757 1135 quidalm
774 1077 797 1122 iu
814 1077 874 1122 omni
891 1075 963 1138 glorii
979 1076 1018 1124 sui
1029 1081 1134 1128 artricnuu

23 1187 24 1196 ,
104 1154 107 1157 ⁴
171 1139 248 1187 nrm
667 1139 852 1186 suisseutunum
864 1140 959 1186 illorum.

204 1208 234 1250 15
251 1203 319 1250 Dixit
330 1211 404 1250 autern
415 1205 435 1251 ei
447 1204 536 1266 quidam
545 1221 557 1251 e
566 1202 636 1259 turbi,
701 1207 732 1249 28
751 1201 819 1258 Quart
829 1205 847 1249 si
859 1205 955 1258 herbam,
964 1221 1020 1265 quae
1028 1207 1093 1253 bodie
1101 1215 1133 1255 est

173 1267 313 1329 Praeceptor,
325 1269 360 1315 dic
372 1269 434 1314 fratri
445 1285 503 1324 meo,
521 1278 545 1316 ut
556 1270 637 1331 partia·
669 1283 692 1312 ιη
704 1283 766 1328 agro,
783 1275 806 1314 et
821 1283 870 1314 cras
886 1269 909 1314 in
923 1269 1032 1316 clibanum
1043 1271 1121 1334 conjici

171 1333 482 1379 turmeeumhaereditatem.
670 1339 712 1385 tur,
732 1331 797 1378 Deus
813 1338 844 1378 ita
859 1333 1026 1390 circumvestit3
1052 1347 1133 1395 quanto

205 1401 235 1442 14
252 1395 305 1457 Ipse
312 1395 365 1442 verri
373 1397 428 1443 dixit
437 1398 464 1450 ei,
475 1396 541 1442 Heus
550 1404 581 1450 tu,
589 1398 638 1458 quis
668 1396 741 1457 magis
752 1413 800 1450 vos,
812 1395 893 1460 exigui
904 1395 947 1444 fide
957 1399 1063 1459 praediti!

172 1477 207 1506 me
232 1461 296 1506 vobis
317 1461 416 1522 judicem
444 1468 483 1508 aut
509 1462 637 1523 portitorem
701 1464 732 1508 29
751 1460 798 1507 Vos
806 1461 873 1522 igitur
881 1465 1014 1522 nequaerite
1022 1465 1074 1524 quid
1083 1481 1131 1510 esu·

173 1523 296 1586 praefecit?
669 1524 753 1579 risitis,
770 1533 808 1571 aut
819 1526 872 1586 quid
883 1527 985 1584 bibituri;
1008 1537 1032 1574 ut
1044 1544 1072 1576 ne
1083 1545 1132 1575 sus·

205 1592 234 1636 15
252 1588 319 1634 Dixit
330 1588 398 1650 igitur
409 1589 448 1643 eis,
461 1589 549 1643 Videte,
567 1597 589 1636 et
601 1605 638 1635 ea·
668 1604 738 1650 penso
749 1590 823 1636 unirno
834 1599 913 1636 estote.

173 1660 220 1700 rete
239 1654 267 1698 ab
284 1651 392 1699 avaritid:
425 1669 468 1699 nee
485 1653 544 1699 enirn
564 1655 637 1714 cujus·
701 1657 734 1699 50
750 1653 815 1700 Haec
822 1655 881 1700 enim
890 1655 963 1700 omnia
971 1658 1133 1716 gentesmundi

172 1717 438 1778 quamvitaexiisquae
454 1718 494 1779 ipsi
512 1727 638 1780 suppetunt,
670 1718 797 1778 requirunt:
819 1717 886 1764 Pater
902 1728 975 1764 autem
988 1721 1134 1768 uesternovit

173 1782 193 1826 iu
205 1797 233 1826 eo
245 1781 288 1826 sita
298 1789 331 1826 est
343 1788 368 1826 ut
379 1783 494 1828 redundet.
670 1797 710 1826 vos
722 1782 770 1827 istis
781 1782 888 1842 indigere.

207 1849 236 1891 16
256 1845 320 1890 Dixit
335 1852 409 1891 autem
426 1846 458 1892 eis
475 1846 599 1907 parabolam
617 1847 638 1891 in
702 1849 730 1890 51
752 1845 815 1898 Quin
834 1842 907 1906 potiris
926 1846 1023 1904 quaerite
1041 1863 1134 1908 regnum

175 1911 227 1955 lraec
236 1910 317 1955 verba:
338 1909 446 1956 Hominis
457 1911 570 1972 cujusdam
582 1911 638 1956 ‹livi-
672 1908 724 1960 Dei,
742 1917 764 1953 et
775 1909 829 1954 haec
841 1909 916 1955 omnia
926 1909 1056 1971 adjicientur
1067 1913 1135 1958 vobis.

175 1975 202 2019 tis
213 1971 342 2019 exuberdrat
353 1973 430 2034 regio:
702 1977 734 2017 52
753 1971 790 2018 Ne
812 1981 893 2026 metue,
918 1989 986 2034 parve
1006 1989 1063 2034 grex
1083 1975 1136 2033 iile;

207 2041 236 2084 17
254 2036 333 2098 Itaque
349 2039 520 2084 ratiocinabatur
534 2039 591 2099 apud
608 2055 639 2093 se,
670 2051 721 2082 narn
737 2036 817 2098 placuit
837 2037 896 2083 Patri
915 2045 988 2083 vestro
1005 2039 1058 2085 dare
1074 2041 1135 2087 vobis

169 2095 254 2154 'dicens
267 2102 328 2155 Quid
342 2101 442 2148 faciam?
465 2118 506 2148 nec
522 2105 581 2148 enirn
599 2104 638 2148 ha-
670 2117 764 2162 regnum
776 2101 836 2148 illud.

173 2167 226 2211 bebo
238 2166 273 2211 ubi
285 2181 364 2226 cogam
376 2165 463 2211 fructus
474 2181 544 2212 meos.
701 2170 733 2210 55
750 2165 847 2212 Vendite
866 2182 922 2226 quac
939 2167 1028 2220 hebetia,
1049 2177 1073 2214 et
1086 2167 1136 2216 date

207 2233 236 2274 18
252 2229 351 2284 Etdixit,
359 2229 512 2276 Hocsaciaxn:
527 2231 638 2276 destruam
669 2228 847 2289 eleemosynam:
873 2243 948 2291 parate
967 2232 1029 2278 vobis
1047 2248 1134 2279 crume·
1166 2279 1172 2286 ,

172 2295 253 2340 horrea
262 2309 317 2348 mea,
334 2301 358 2340 et
371 2295 456 2356 majora
467 2293 599 2352 aedificabo;
617 2305 640 2340 et
671 2308 710 2338 nas
721 2307 777 2352 quae
788 2309 834 2340 ηοη
847 2303 992 2347 veterascunt,
1010 2297 1136 2342 thesaurum

174 2357 217 2403 illic
226 2359 305 2419 cogam
313 2373 392 2403 omnes
403 2365 525 2419 proventus
536 2375 604 2413 meos,
616 2368 640 2404 et
669 2356 692 2401 in
710 2357 777 2402 coelis
794 2357 837 2418 qui·
848 2371 960 2416 nunquam
976 2358 1068 2412 deficiat,
1092 2358 1136 2418 qud

173 2423 231 2468 bona
241 2437 304 2468 mea:
670 2419 707 2465 fur
727 2435 771 2466 non
791 2422 956 2481 appropinquat,
982 2429 1004 2467 et
1023 2422 1063 2467 ubi
1079 2423 1136 2470 tinea

206 2489 236 2532 19
252 2485 285 2532 Et
292 2486 362 2532 dicam
374 2485 460 2531 animae
467 2501 535 2540 meae,
549 2487 639 2542 Anima,
672 2499 717 2530 non
729 2484 857 2546 corrumpit

173 2551 239 2596 habes
257 2551 327 2596 multa
344 2551 404 2596 bona
418 2551 514 2611 reposita
529 2551 552 2596 in
570 2566 640 2596 annos
703 2552 735 2594 54
755 2547 798 2595 Ubi
810 2549 869 2594 eninr
882 2549 997 2596 thesaurus
1009 2558 1082 2596 uester
1095 2560 1135 2607 est,

174 2614 270 2660 multos:
292 2614 411 2674 requiesce,
424 2614 521 2669 comede,
533 2615 588 2668 bibe,
600 2617 639 2666 cb-
672 2613 715 2658 illic
726 2620 749 2660 et
760 2629 799 2659 cor
810 2623 908 2660 vestrum
921 2615 969 2660 erit

176 2678 263 2724 lecture.
703 2680 734 2724 55
753 2679 803 2724 Sint
814 2679 881 2724 lumbi
899 2680 965 2725 vestri
984 2679 1096 2735 succincti,
1115 2687 1136 2726 ct

204 2746 236 2788 20
252 2741 423 2788 Dixitautemei
431 2741 503 2796 Deus,
513 2741 640 2804 Desipiens,
671 2751 757 2788 vestrae
767 2743 870 2789 lucernae
881 2759 1000 2801 aceensae3

174 2803 213 2851 tte
224 2813 290 2852 nocte
300 2807 374 2852 anima
385 2813 424 2851 tua
434 2813 544 2866 repetetur
555 2809 593 2852 abs
603 2815 637 2852 te:
703 2811 735 2852 56
753 2807 783 2852 Et
796 2808 877 2854 similes
887 2818 955 2856 estote
966 2825 1006 2856 vos
1015 2808 1041 2854 iis
1050 2809 1086 2870 qui
1095 2825 1135 2855 ex·

175 2885 229 2930 quae
240 2867 294 2916 verri
304 2867 386 2930 peristi
397 2871 460 2931 eujus
471 2870 554 2915 erunt?
671 2879 771 2930 spectant
793 2873 880 2932 quaudo
903 2874 1006 2919 dominus
1025 2888 1079 2918 suus
1100 2890 1133 2919 re·

206 2938 234 2978 21
255 2932 291 2980 lta
301 2941 334 2980 est
345 2934 382 2993 qui
394 2935 522 2980 thesaurum
540 2935 640 2980 recondit
670 2949 788 2994 gressums
799 2937 851 2982 sita
863 2938 951 2996 nuptiis,
969 2947 994 2982 ut
1010 2951 1078 2996 quum
1095 2953 1135 2983 ve·

175 2998 219 3050 sibi,
231 3013 272 3044 nec
283 3005 318 3044 est
329 2998 352 3042 in
365 2997 418 3043 Deo
429 2997 498 3044 dives.
671 2998 729 3043 nexit
739 3014 765 3044 ac
776 2999 901 3058 pulsaverit,
914 3001 988 3044 statim
1000 3000 1098 3058 aperiant
1109 3001 1136 3046 ei.

208 3065 238 3106 ‘22
256 3061 323 3107 Dixit
347 3069 421 3106 autern
448 3061 560 3122 discipulis
587 3063 639 3116 suis,
703 3065 734 3107 57
753 3061 817 3106 Beati
829 3063 885 3105 servi
898 3063 935 3113 illi,
947 3077 1009 3121 quos,
1021 3077 1089 3120 quum
1097 3078 1136 3108 ve·

177 3124 296 3186 Propterea
313 3125 363 3170 dico
381 3125 449 3180 vobis,
468 3141 497 3171 ne
513 3123 592 3172 soliciti
604 3142 639 3172 es-
672 3125 729 3169 nerit
751 3124 860 3175 dominus,
878 3125 987 3168 invenerit
1003 3124 1136 3184 vigilantes3

175 3196 220 3235 tote
230 3190 258 3236 de
269 3189 344 3235 anima
353 3186 434 3242 vestri,
445 3189 498 3248 quid
506 3191 564 3234 esuri
577 3190 640 3246 sitis;
671 3202 736 3234 amen
746 3187 795 3232 dieo
803 3187 871 3239 vobis,
884 3187 1011 3247 praecinget
1023 3203 1052 3240 se,
1070 3195 1092 3234 et
1103 3190 1136 3235 fa-

175 3267 244 3313 ueque
255 3253 282 3298 de
293 3268 393 3314 coquore,
411 3250 454 3312 qui
471 3269 494 3300 re
511 3253 558 3299 sitis
575 3253 640 3300 indu·
671 3252 715 3297 ciet
732 3257 756 3296 ut
773 3251 915 3302 discumbant,
933 3260 956 3297 et
972 3251 1078 3296 accedens
1095 3255 1137 3298 mi·

178 3318 233 3363 andi.
672 3315 773 3362 nistrabit
783 3316 822 3361 eis.

205 3385 237 3426 25
253 3379 339 3426 Anima
354 3379 404 3440 plus
420 3387 454 3426 est
469 3377 535 3440 quim
547 3380 640 3426 alimen·
704 3383 735 3424 58
753 3379 813 3426 Etsi
825 3379 911 3424 venerit
927 3379 949 3423 in
967 3377 1063 3424 secundi
1079 3381 1135 3441 vigi.

177 3455 228 3497 term,
240 3452 263 3490 et
273 3459 355 3504 corpus
366 3440 431 3504 quim
443 3445 544 3490 vestitus.
671 3441 708 3498 lii,
719 3451 742 3489 et
753 3444 771 3490 si
783 3444 805 3489 in
815 3441 879 3488 tertii
887 3441 963 3503 vigilii
971 3443 1063 3496 venerit,
1073 3453 1135 3506 atque

207 3511 237 3553 24
255 3505 402 3555 Considerate
413 3523 506 3562 corvos;
525 3522 596 3566 neque
605 3524 640 3553 se·
671 3508 703 3553 ita
714 3508 829 3559 invenerit,
841 3506 897 3552 beati
909 3514 962 3551 sunt
973 3507 1030 3552 servi
1043 3507 1079 3554 illi.

178 3579 234 3626 nant,
252 3587 325 3631 neque
340 3579 440 3627 metunt3
463 3572 540 3631 quibus
552 3587 597 3617 nora
609 3581 642 3617 est
704 3575 736 3618 59
755 3571 808 3616 Hoc
816 3579 889 3614 autem
896 3571 988 3627 scitote;
1001 3571 1018 3616 si
1027 3573 1091 3618 sciret
1098 3590 1135 3634 pa-

177 3635 230 3682 cella
240 3651 313 3696 neque
324 3636 441 3691 borreum3
459 3643 565 3681 ettamen
578 3634 642 3681 Deus
672 3635 800 3680 terfami'ias
811 3631 854 3692 quai
865 3631 919 3678 hori
930 3633 965 3679 fur
978 3643 1084 3683 venturus
1101 3639 1134 3692 sit,

177 3699 212 3746 tlit
228 3715 283 3745 eos:
309 3706 392 3759 quanto
409 3714 451 3744 vos
468 3700 583 3761 praestatis
601 3716 641 3744 vo·
674 3699 780 3758 vigilaret,
799 3713 838 3742 uec
856 3697 937 3744 sineret
951 3699 1034 3760 periodi
1046 3701 1136 3750 domum

177 3763 270 3810 tucribus
280 3762 291 3805 ?
676 3777 746 3810 suam.

206 3829 237 3874 25
255 3825 315 3881 Quis
322 3831 397 3871 autern
406 3839 434 3869 ex
443 3826 505 3872 vobis
512 3823 596 3872 solicite
604 3842 642 3871 co·
708 3829 741 3872 40
757 3823 788 3872 Et
797 3825 908 3888 vosigitur
917 3835 987 3874 estote
994 3827 1062 3889 parati
1070 3843 1077 3881 ς
1089 3828 1140 3887 quis
