2756 4320
226 469 228 473 ι
631 397 748 455 LUCA,
771 399 842 448 xvl.

289 509 321 552 22
338 503 404 552 Dixit
411 520 464 551 vero
471 502 654 566 pateradservos
661 519 720 556 suos,
781 507 798 549 5
815 503 882 549 Dixit
896 515 970 550 autern
986 504 1044 564 apul
1061 519 1085 550 se
1102 504 1204 565 dispensa

265 569 343 616 titene
360 569 439 615 stoiam
458 569 518 614 iliam
533 568 680 629 praecipuam,
698 574 721 612 et
750 573 792 620 tor,
821 567 883 620 Quid
903 563 989 621 faciam,
1017 583 1084 626 quum
1112 567 1211 614 dominia

260 633 340 680 ndnite
361 648 419 687 eum,
435 639 459 678 et
480 632 548 678 indite
569 631 675 678 annulum
698 632 719 677 in
750 646 813 677 rneus
832 629 916 676 auferat
931 647 945 676 a
960 646 996 677 me
1011 631 1212 691 dispensationem.

257 711 345 744 manum
358 698 413 758 ejus,
422 703 446 742 et
456 695 527 743 soleas
537 695 561 740 in
571 695 652 756 pedes:
750 694 827 740 fodere
838 709 883 740 non
900 695 978 750 vaieo;
1000 695 1125 740 mendicare
1140 697 1214 756 pudet

289 765 321 806 25
338 759 371 806 Et
381 761 499 808 adductum
510 759 604 806 vitrdum
614 759 675 804 ilium
685 773 719 804 so·
784 761 798 803 4
817 758 877 804 Novi
886 759 939 818 quid
947 759 989 804 sirn
998 757 1102 811 facturus,
1114 766 1138 804 ut
1147 775 1215 818 quum

256 825 358 886 ginatum
374 832 475 879 mactate,
492 831 516 870 et
529 823 620 870 edentes
636 823 720 868 exhila-
751 830 838 868 anrotus
848 821 911 868 fuero
923 837 936 868 a
950 823 1119 883 dispensatione,
1136 823 1205 884 recipi

257 903 346 936 remur:
511 923 513 928 ,
751 894 789 932 ant
800 901 836 931 me
846 887 922 946 aliqui
931 887 1022 931 domurn
1033 901 1103 932 suam.

289 957 321 998 24
338 952 399 1007 Quia
412 951 470 998 filius
484 951 526 997 iste
541 965 604 997 meus
620 957 721 996 mortuus
784 953 799 995 5
818 947 954 997 Convocatis
965 950 1038 1009 itaque
1049 949 1142 1010 singuiis
1154 950 1214 996 debr·

258 1011 310 1071 eiar,
327 1024 350 1063 et
367 1017 446 1062 revixit
455 1033 469 1072 ς,
484 1016 627 1076 perieratque,
647 1023 670 1060 et
686 1015 720 1059 in·
752 1014 835 1059 toribus
843 1013 925 1058 domini
935 1013 974 1068 sui,
983 1013 1038 1060 dixit
1046 1014 1124 1074 primo,
1135 1013 1216 1068 Quas·

257 1088 337 1128 ventus
358 1087 399 1126 est.
434 1079 564 1142 Coeperunt
585 1079 653 1142 igitur
672 1093 720 1124 sese
752 1085 798 1122 turn
810 1077 875 1124 debes
886 1077 976 1123 domino
987 1075 1056 1122 meo?

256 1146 385 1192 exhilarare.
784 1146 799 1187 6
816 1139 840 1186 Is
852 1147 925 1186 autern
933 1141 970 1196 ait,
983 1139 1081 1188 Centum
1091 1141 1153 1187 batos
1164 1141 1215 1189 ol'c'i

289 1212 320 1256 25
338 1209 395 1255 Erat
405 1215 479 1254 autem
490 1206 547 1253 filius
558 1206 594 1252 iiie
606 1205 673 1267 ipsius
685 1220 721 1250 se-
751 1203 811 1250 Tum
820 1205 919 1250 illedixit
929 1205 956 1260 ei,
967 1204 1053 1266 Accipe
1064 1205 1147 1251 tabulas
1158 1213 1216 1260 tuas,

257 1273 306 1320 nior
323 1273 381 1318 ruri:
401 1273 438 1332 qui
455 1279 479 1317 ut
495 1271 587 1317 veniens
603 1269 721 1331 appropin-
751 1277 773 1314 et
785 1269 837 1314 sede
846 1265 897 1323 citd,
908 1275 931 1315 et
942 1269 1011 1314 scribe
1022 1268 1187 1348 quinquaginta.

257 1336 332 1396 quavis
348 1336 429 1388 domui,
451 1335 535 1381 audivit
551 1342 683 1380 concentum
699 1340 723 1379 et
783 1336 798 1380 7
816 1332 906 1378 Deinde
916 1333 951 1378 aiii
963 1333 1024 1387 dixit,
1035 1331 1073 1378 Tu
1081 1348 1135 1379 vero
1143 1348 1216 1392 quan-

256 1401 344 1447 choros.
751 1403 798 1442 turn
818 1397 903 1443 debes?
928 1395 952 1443 Is
971 1403 1044 1443 autern
1060 1397 1096 1450 ait,
1116 1395 1216 1444 Centum

290 1468 321 1509 26
339 1463 371 1508 Et
387 1469 489 1508 vocaturn
506 1476 575 1507 unum
592 1475 622 1507 ex
640 1461 720 1521 pueris,
750 1476 815 1507 coros
842 1461 915 1506 tritici.
959 1459 1019 1507 Turn
1042 1460 1090 1521 ipse
1110 1461 1166 1506 dixit
1187 1477 1215 1515 er,

258 1533 400 1590 percontatus
410 1533 445 1571 est
455 1525 508 1586 quid
519 1525 578 1571 istud
589 1532 654 1571 esset.
751 1525 836 1587 Accipe
852 1525 935 1571 tabulas
952 1531 1008 1579 tuas,
1026 1531 1050 1570 et
1067 1525 1136 1572 scribe
1149 1532 1215 1570 octo-

290 1593 321 1638 27
339 1589 363 1636 Is
372 1590 487 1636 verodixit
496 1590 523 1644 ei,
534 1588 612 1636 Frater
620 1597 671 1634 tuus
680 1605 719 1634 ve-
748 1589 819 1651 ginta.
955 1601 960 1614 ¹

257 1655 302 1701 nit:
321 1662 344 1701 et
360 1655 465 1700 mactavit
480 1660 543 1716 pater
559 1660 610 1699 tuus
626 1649 719 1699 vituium
782 1657 797 1698 8
815 1653 847 1700 Et
858 1653 954 1699 laudavit
965 1651 1067 1698 dominus
1078 1653 1113 1698 iile
1124 1653 1215 1714 dispen-

256 1719 318 1764 illum
335 1719 467 1780 saginatum,
484 1715 543 1778 qudd
559 1717 670 1764 valentem
692 1717 719 1762 il·
750 1724 845 1764 satorem
871 1718 984 1779 injustum,
1011 1713 1070 1775 qudd
1095 1717 1217 1777 prudenter

256 1783 302 1829 ium
315 1783 427 1846 receperit.
748 1779 843 1827 fecisset.
894 1777 963 1828 Certe
990 1780 1027 1825 iiiii
1054 1780 1120 1841 hujus
1146 1782 1214 1826 seculi

289 1851 320 1894 28
338 1845 470 1909 Indignatus
481 1852 515 1892 est
531 1853 605 1892 autern
616 1846 661 1897 ille,
679 1860 719 1891 nec
750 1845 902 1906 prudentiores
924 1851 976 1890 sunt
994 1844 1044 1890 filiis
1061 1844 1116 1890 lucis
1133 1845 1156 1892 in
1174 1861 1215 1891 suo

256 1911 328 1958 voluit
348 1911 447 1959 introire.
489 1910 557 1958 Pater
577 1926 632 1972 ergo
651 1910 720 1970 ipsius
749 1925 839 1970 genere.

256 1991 365 2037 egressus,
377 1977 478 2021 hortatus
487 1981 522 2020 est
532 1989 591 2020 eunt.
782 1979 797 2020 9
814 1975 852 2020 Sic
862 1973 928 2019 etiarn
944 1988 988 2034 ego
1005 1972 1067 2018 vobis
1083 1971 1147 2018 dieo:
1169 1971 1214 2018 Fa·

288 2043 319 2087 29
337 2037 389 2101 Ipse
399 2036 453 2085 verd
464 2038 598 2099 respondens
609 2037 664 2082 dixit
679 2052 718 2097 pa·
748 2036 792 2083 cite
804 2038 864 2084 vobis
875 2037 958 2083 amicos
968 2050 997 2082 ex
1008 2033 1134 2082 mammonin
1144 2037 1215 2098 injus·

256 2103 290 2158 tri,
308 2102 376 2156 Ecce,
394 2108 427 2148 tot
442 2117 513 2147 annos
529 2102 601 2146 servio
613 2101 658 2154 tibi,
678 2116 718 2146 nec
749 2107 790 2157 to3
816 2109 843 2146 ut
864 2116 933 2162 quum
955 2099 1083 2154 defeceritis,
1108 2101 1215 2162 recipiant

256 2181 353 2226 unquam
364 2166 494 2212 mandatum
505 2171 568 2211 tuum
579 2179 628 2210 sum
645 2171 718 2210 trans·
750 2179 790 2211 vos
801 2165 824 2210 in
835 2171 925 2211 aeterna
935 2164 972 2211 iiis
982 2163 1127 2210 tabernacula.

255 2245 357 2291 gressus3
385 2245 426 2276 nec
447 2244 544 2290 unquam
565 2228 643 2276 dedisti
664 2228 718 2273 mihi
783 2232 813 2274 10
830 2229 877 2283 Qui
888 2227 958 2274 fidelis
968 2235 1003 2274 est
1013 2229 1036 2274 in
1053 2243 1129 2289 pauco,
1145 2228 1213 2273 etiarn

256 2294 359 2350 hoedum,
377 2301 402 2340 ut
417 2309 469 2340 curn
485 2293 561 2340 amicis
577 2293 632 2338 meis
644 2293 717 2338 obiec-
755 2292 777 2338 in
788 2293 858 2339 multo
869 2292 939 2338 fidelis
949 2299 999 2338 est:
1018 2299 1042 2337 et
1052 2291 1089 2352 qui
1105 2291 1127 2337 in
1144 2307 1215 2352 pauco

258 2366 331 2406 tarer:
749 2356 843 2418 injustus
854 2364 894 2411 est,
911 2357 977 2402 etiarn
992 2356 1015 2402 in
1031 2356 1102 2402 nruito
1119 2355 1214 2418 injustus

287 2427 320 2469 50
337 2422 381 2468 Sed
392 2438 460 2482 quum
473 2421 531 2468 filius
548 2421 589 2467 iste
605 2427 663 2474 tuus,
680 2419 717 2480 qui
748 2429 789 2466 est.

255 2487 370 2533 devoravit
380 2486 495 2532 facultates
512 2493 560 2531 tuas
576 2499 627 2530 curn
644 2499 716 2530 mere·
783 2488 809 2530 ll
830 2482 914 2546 Itaque,
931 2483 949 2529 si
965 2483 989 2529 in
1004 2482 1075 2530 fallaci
1087 2481 1215 2530 mammona

255 2550 351 2604 tricibus,
363 2552 431 2604 venit,
442 2547 542 2595 mactisti
554 2547 573 2594 ei
585 2547 678 2594 vitulum
690 2547 716 2592 il·
749 2547 823 2594 fideles
832 2564 877 2594 non
886 2549 963 2600 fuistis,
973 2563 1051 2594 verum
1059 2563 1214 2604 mammonam

255 2613 300 2658 ium
353 2614 444 2660 inatum.
748 2613 797 2673 quis
807 2613 882 2658 credet
893 2611 973 2659 vobis?

286 2680 315 2722 51
348 2692 387 2737 pse
398 2673 451 2722 verd
460 2675 514 2723 dixit
523 2674 549 2729 ei,
560 2673 609 2727 Fili,
622 2681 646 2719 tu
657 2690 716 2719 senr-
783 2680 812 2721 12
829 2676 862 2722 Et
873 2677 890 2722 si
902 2676 924 2721 in
935 2676 1007 2722 alieno
1022 2674 1097 2720 fideles
1114 2689 1158 2720 non
1175 2673 1213 2720 su-

254 2755 294 2801 per
311 2754 398 2786 mecum
417 2755 448 2794 es,
470 2745 494 2785 et
514 2737 590 2784 omnia
607 2753 658 2784 mea
679 2745 718 2784 tua
748 2740 803 2794 istis,
827 2740 887 2801 quod
908 2747 1007 2786 vestrum
1028 2746 1063 2786 est
1083 2739 1133 2799 quis
1154 2739 1215 2784 dabit

254 2810 312 2850 sunt
748 2804 830 2850 vobis?

284 2871 317 2913 52
334 2865 459 2914 Exhilarari
474 2861 528 2912 verd
542 2871 565 2912 et
579 2865 677 2926 gaudere
689 2882 716 2912 o-
783 2872 813 2914 15
829 2867 912 2914 Nullus
934 2882 1012 2914 servus
1032 2872 1106 2928 potest
1126 2865 1214 2912 duobus

174 2976 183 2991 ,
252 2932 359 2993 portebar,
381 2927 440 2991 qudd
458 2931 526 2976 frater
541 2936 593 2976 tuus
604 2930 639 2975 hic
655 2945 716 2976 mor·
748 2931 945 2980 dominisservire:
964 2938 1003 2978 aut
1013 2931 1073 2977 enim
1083 2945 1152 2977 unum
1161 2931 1214 2976 odio

253 3003 304 3043 tuus
313 3003 367 3050 erat,
382 3001 405 3041 et
416 2995 512 3053 resiariu
534 2993 677 3056 perieratque,
694 3001 717 3040 et
747 2996 840 3050 babebit,
857 3003 880 3041 et
895 2995 989 3042 altemrn
1004 2995 1097 3057 diliget3
1120 3001 1158 3040 aut
1174 2994 1214 3040 uni

252 3066 407 3108 iuventuscst.
749 3059 879 3113 adhaerebit,
906 3066 930 3106 et
955 3059 1049 3108 aiterum
1076 3065 1213 3104 contemnet.

749 3123 803 3170 Non
821 3123 913 3184 potestis
931 3121 984 3170 Deo
1002 3121 1085 3170 servire
1101 3129 1124 3168 et
1139 3137 1212 3168 manr-

402 3185 476 3236 CAP.
500 3185 571 3234 XVI.
747 3202 834 3234 monae.

319 3251 396 3300 IXIT
418 3261 492 3298 autern
514 3252 581 3298 etiarn
604 3250 716 3311 discipulis
782 3255 812 3297 14
828 3251 954 3298 Audiebant
971 3258 1046 3296 autern
1064 3251 1118 3296 baec
1137 3249 1213 3296 omnis

339 3317 391 3370 suis,
403 3315 457 3362 Fuit
467 3316 534 3362 homo
545 3315 632 3376 quidam
644 3315 713 3369 dives,
746 3316 813 3362 etiam
826 3315 945 3369 Pharisaei,
962 3331 999 3374 qur
1010 3321 1073 3361 erant
1089 3314 1167 3369 avari;
1189 3321 1213 3360 et

252 3381 288 3440 qui
300 3381 393 3427 babebat
403 3379 592 3440 dispensatorem:
614 3385 637 3423 et
645 3379 664 3423 Is
675 3379 714 3424 de·
746 3381 822 3426 sannis
833 3395 884 3425 eum
895 3379 1038 3440 excipiebant.

252 3443 308 3492 batus
318 3451 353 3490 cst
363 3443 421 3505 apud
432 3458 490 3498 curn,
508 3450 533 3489 ut
549 3443 586 3504 qui
600 3442 716 3504 dissiparet
781 3447 810 3491 15
827 3443 893 3489 Tunc
905 3444 960 3489 dixit
971 3444 1009 3497 eis,
1024 3441 1073 3487 Vos
1084 3440 1098 3486 ii
1110 3441 1164 3488 estis
1175 3441 1211 3501 qui

251 3523 306 3568 quae
317 3509 358 3568 ipsi
370 3509 521 3568 suppetebant.
741 3507 868 3570 Justiflcatis
880 3508 981 3568 vosipsos
991 3507 1014 3552 in
1026 3507 1140 3552 hominum
1155 3520 1211 3551 con·

281 3571 410 3618 2Vocavir
421 3588 472 3618 eum
488 3573 563 3634 igitur,
580 3576 603 3616 et
620 3571 675 3616 dixt
686 3571 713 3625 ei,
746 3579 838 3632 spectu:
872 3571 938 3617 Deus
964 3577 1038 3617 autern
1060 3569 1124 3615 novit
1144 3581 1211 3614 coras

251 3635 296 3689 Qut
307 3633 365 3681 istud
376 3637 440 3682 audio
455 3637 483 3683 de
499 3635 540 3684 tel
563 3634 629 3681 redde
646 3635 713 3680 ratio-
745 3645 833 3692 vestra;
850 3636 901 3696 quia
911 3636 969 3696 quod
981 3634 1039 3696 apud
1049 3633 1150 3679 homines
1158 3634 1207 3677 sub·

248 3714 302 3746 seru
316 3699 484 3759 dispensationis
500 3711 567 3756 tuae;
590 3701 712 3744 nonenim
745 3699 796 3745 lirne
811 3707 851 3754 est,
868 3699 1001 3746 abominatio
1011 3705 1046 3744 est
1057 3698 1080 3743 iu
1091 3707 1209 3758 conspecta

248 3762 328 3822 poteris
339 3760 433 3821 ampliris
443 3779 491 3869 εὲςὲ
503 3765 647 3825 dispensator.
748 3762 799 3810 Dei.
