2756 4320
559 411 674 468 ACTA.
699 411 728 460 V.

189 523 218 566 18
236 517 317 580 itaque
330 526 418 568 voottrs
434 517 490 580 ipsis
506 514 627 566 denuodi·
688 521 722 564 32
739 515 891 564 Multitudinis
901 523 976 566 autem
990 531 1068 564 aurun·
1085 527 1122 579 qut

157 585 345 631 iontneomnino
354 583 508 644 loquerentur,
519 582 626 629 uusado·
657 581 796 630 crediderant
812 589 860 628 erat
878 597 918 630 cor
934 590 958 630 et
973 583 1048 629 anima
1062 597 1121 632 unat

159 647 267 694 tarentin
279 647 372 694 nomine
383 646 450 695 Jesu.
544 646 549 657 '
658 660 699 692 nee
710 646 826 707 quisquam
837 646 918 707 aliquid
929 661 1007 694 eorum
1018 648 1124 707 quaeha·

192 715 222 760 19
239 711 323 758 Petrus
341 717 417 757 autern
435 717 460 756 et
475 708 577 758 Joannes
593 725 627 754 re·
657 709 722 756 iubat
740 725 805 756 suurn
824 725 874 757 esse
892 711 982 766 dicabat.
1005 711 1044 758 sed
1061 719 1123 760 error

160 775 294 826 spondentes
300 775 406 820 dixerunt
412 774 453 827 eis,
462 773 592 834 Anjustum
600 774 629 819 sit
659 773 691 820 eis
702 774 777 820 onmis
787 775 921 822 communia.

162 852 183 885 :1
193 847 316 916 conspectu
328 837 374 884 Dei
386 839 451 884 vobis
459 835 532 898 potitis
540 837 628 884 auscul-
689 841 723 883 53
741 837 773 884 Et
781 838 873 898 apostoli
883 833 965 900 magni
974 838 996 884 vi
1005 838 1124 886 reddebant

162 911 208 948 tare
218 917 286 962 quam
299 901 474 961 Deojmiicute.
659 901 810 949 testimonium
838 903 1005 948 resurrectionis
1028 902 1121 950 Domini

193 970 226 1012 20
243 965 299 1012 Nou
310 966 370 1012 enim
381 979 501 1026 possumus
512 980 559 1018 noa,
573 979 630 1025 quae
659 964 722 1019 Jesu,
733 973 756 1011 et
766 965 839 1027 gratia
849 979 931 1026 magna
940 974 988 1012 erat
1004 982 1071 1028 super
1086 981 1125 1014 eos

165 1029 259 1078 fidimus
269 1036 293 1075 et
303 1029 436 1083 audivimus,
448 1044 493 1074 non
504 1027 572 1090 ioqui.
659 1043 745 1075 ornnes.

194 1097 224 1139 21
244 1091 281 1138 Illi
293 1090 354 1147 veni,
365 1107 412 1139 nou
426 1092 565 1140 invenientes
573 1107 629 1153 quo·
691 1096 725 1138 34
741 1091 825 1138 Nullus
835 1091 895 1138 enim
905 1099 954 1138 erat
967 1106 1053 1153 egenus
1068 1092 1124 1140 inter

166 1157 230 1204 nodo
240 1157 347 1218 punirent
355 1172 402 1210 eos,
418 1156 498 1204 additis
514 1157 580 1202 minis
590 1172 630 1203 eos
659 1171 714 1203 eost
732 1163 843 1216 quotquot
849 1156 909 1201 enim
917 1163 1126 1217 erautposoesrorea

163 1221 301 1275 dimiserunt,
326 1227 417 1282 propter
440 1221 552 1282 populum¹
579 1221 632 1280 quia
660 1235 766 1281 agrorum
774 1227 812 1266 aut
821 1219 945 1274 dommum,
956 1220 1078 1266 vendentes
1086 1220 1125 1266 ad·

162 1299 243 1332 onmes
258 1283 411 1346 glorificabant
428 1283 506 1336 Deum
522 1300 631 1347 supereo
659 1283 761 1330 serebant
780 1283 850 1345 pretia
868 1298 945 1330 eorum
963 1299 1020 1345 quae
1037 1285 1125 1333 vendita

163 1347 410 1410 qrrodt'aetumi'uerst.
661 1347 764 1403 suerantt

197 1417 229 1458 22
247 1413 366 1458 Annorum
387 1411 447 1460 enim
469 1418 517 1458 erat
537 1407 632 1473 ampiiris
693 1414 726 1458 35
743 1410 924 1472 Eidepoaebant
934 1411 962 1458 ad
976 1412 1044 1473 pedes
1059 1427 1125 1474 apos·

164 1476 313 1537 quudmm'ata
327 1477 395 1522 homo
412 1475 456 1530 ille,
468 1475 490 1522 in
506 1491 573 1536 quem
583 1476 631 1522 edi·
662 1475 775 1524 tolorumt
807 1475 975 1523 distribuebatur
991 1484 1066 1523 autem
1084 1479 1126 1524 tas

163 1551 213 1587 tum
224 1540 298 1586 fuerat
308 1539 397 1601 signum
409 1539 468 1586 istud
479 1539 607 1586 sanationis.
663 1539 763 1601 singulis,
774 1547 841 1602 prout
851 1540 931 1602 ruimus
940 1556 997 1602 opus
1007 1550 1061 1587 erat.

198 1608 230 1649 25
249 1601 342 1650 Dimissi
352 1611 427 1650 autem
438 1605 475 1649 stit
485 1603 633 1650 veneruntad
694 1607 727 1650 ³6
742 1603 827 1666 Joseph
838 1620 894 1666 ergo
903 1604 941 1665 qui
954 1605 1126 1666 cognominatus

164 1683 225 1722 suos,
237 1675 260 1714 et
268 1667 459 1714 annunciaverunt
469 1683 526 1727 quae
535 1667 633 1728 primarii
662 1675 696 1712 est
714 1666 828 1715 Barnabas
844 1669 872 1714 ab
885 1669 991 1729 apostolia
1003 1669 1075 1730 (quod
1085 1677 1126 1720 ert.

163 1732 291 1778 sacerdotes
301 1739 324 1778 et
335 1732 432 1778 seniores
443 1730 496 1793 ipsis
508 1731 616 1778 dixerant.
663 1731 680 1776 si
692 1731 848 1793 interpreteris,
869 1731 939 1778 mun
955 1733 1126 1792 roarolationit)

199 1799 230 1841 24
249 1795 295 1849 Qui
306 1796 439 1856 quominec
447 1795 565 1848 noussen,
577 1810 632 1841 eon·
664 1793 763 1849 levites,
776 1793 874 1856 Cyprius
884 1810 974 1856 gauere,

164 1859 263 1905 corditer
270 1859 407 1906 sustulerunt
419 1873 497 1904 vocem
508 1858 536 1904 ad
548 1858 632 1914 Deum,
694 1863 726 1906 37
745 1858 822 1912 Quum
832 1859 922 1904 haberet
930 1873 1018 1919 agrum,
1029 1858 1126 1905 vendidit

164 1924 320 1982 dinenmtque.
343 1922 451 1976 Domine,
474 1929 498 1968 tu
519 1937 544 1968 es
567 1922 633 1970 Deus
662 1921 1127 1982 eumetattulitpeouuiamdupotuitquo

164 1987 203 2034 ille
211 1988 250 2048 qui
257 1987 328 2033 iecisti
336 1986 424 2033 coelum
433 2001 459 2032 ac
467 1996 555 2041 terram,
564 2002 632 2042 mare,
663 1987 690 2032 ad
701 1987 768 2048 pedes
779 1986 937 2048 apostolorum.

164 2062 189 2097 et
200 2051 277 2097 omnia
287 2066 343 2110 quae
354 2051 420 2096 ineis
431 2059 498 2106 sunt;

199 2118 232 2161 25
250 2114 296 2168 Qui
308 2115 391 2176 Spiritu
404 2114 486 2160 Sancto
497 2129 570 2174 perot
580 2113 631 2160 Da·
831 2111 906 2162 CAP.
929 2112 959 2161 V.

166 2179 225 2225 vidis
242 2178 303 2239 pueri
321 2179 353 2224 tui
370 2177 452 2232 dixisti,
470 2176 518 2226 Cur
534 2177 632 2224 sremue·
729 2175 767 2224 ltt
777 2185 851 2225 autem
862 2179 950 2238 quidam
962 2179 1053 2225 nomine
1062 2178 1114 2226 Aua

166 2253 220 2288 runt
234 2250 320 2303 gentes,
335 2249 359 2289 et
374 2242 449 2304 popuii
465 2243 564 2288 meditati
581 2249 648 2290 suut.
749 2241 804 2296 nias,
820 2257 872 2288 eum
885 2240 992 2303 sapphiri
1002 2241 1127 2298 uxoresuti,

166 2306 260 2353 inania?
662 2304 762 2352 vendidit
772 2306 951 2366 possessionem

195 2375 227 2416 26
239 2369 380 2417 Adstiterunt
386 2384 451 2431 reges
457 2376 535 2423 terrae,
542 2376 565 2416 et
570 2368 632 2430 prin·
695 2372 711 2414 2
728 2367 761 2414 Et
771 2369 896 2416 intervertit
905 2369 996 2430 aliquid
1006 2383 1035 2414 ex
1048 2369 1127 2429 pretio,
1214 2344 1219 2352 Ι

166 2435 229 2495 cipes
240 2434 309 2480 coacti
321 2441 373 2480 sunt
383 2433 449 2480 simul
460 2430 565 2480 adversis
583 2433 632 2480 Do·
663 2429 752 2478 conscii
762 2432 828 2478 etiam
845 2447 916 2478 uxore
933 2429 980 2486 suri,
997 2431 1128 2492 allatumque

167 2499 260 2553 minum,
271 2505 294 2544 et
306 2495 421 2546 Christum
432 2498 488 2559 ejus.
663 2504 749 2558 partem
770 2496 864 2556 rJiquam
886 2495 914 2542 ad
932 2496 999 2558 peden
1015 2496 1127 2558 apostolo·

200 2565 232 2608 27
251 2560 329 2608 Coacti
337 2559 537 2608 sunteniminhac
544 2560 634 2608 civitate
665 2576 713 2606 rum
725 2560 833 2622 deposmt.

167 2622 223 2672 ver&
233 2622 338 2672 adversim
352 2632 453 2672 unctum
472 2624 553 2671 Filium
570 2633 633 2672 tuum
695 2628 712 2670 5
728 2623 795 2670 Dixit
803 2631 877 2672 autern
887 2622 975 2678 Petrus,
985 2623 1079 2678 Annuit,
1088 2639 1126 2672 eur

167 2689 417 2749 Jesumquemunxisti,
428 2687 633 2736 HerodesetPon·
663 2687 764 2749 implevit
776 2689 869 2736 Satanas
879 2705 919 2735 eor
935 2696 1005 2744 tuum,
1022 2697 1047 2736 ut
1063 2703 1114 2736 men

169 2754 213 2800 tius
231 2753 321 2809 l‘ilutus,
337 2767 389 2799 curn
399 2754 503 2814 gentibus
513 2760 537 2799 et
546 2753 634 2815 populis
663 2753 769 2800 tirerisirt
781 2753 887 2816 Spiritum
900 2753 1013 2807 Sanctum,
1025 2763 1048 2799 et
1059 2754 1116 2800 inter

171 2815 266 2870 isra'e'lis,
663 2824 800 2865 verterenet
811 2819 881 2880 pretio
892 2818 955 2865 istius
965 2817 1064 2880 praedii?

201 2885 232 2925 28
252 2880 284 2927 Ut
295 2879 393 2926 iacerent
401 2895 546 2940 quaeeunque
555 2894 634 2927 manus
695 2885 711 2925 4
729 2881 819 2935 Nonne,
831 2882 849 2927 si
858 2879 976 2936 servisses,
988 2883 1091 2928 manebat
1099 2881 1127 2926 ti-

169 2954 208 2991 tua
218 2951 242 2991 et
252 2945 368 2991 consilium
379 2953 442 2990 tuum
451 2941 512 3005 priris
520 2945 634 2992 definierat
663 2944 691 2996 bi,
706 2953 729 2990 et
740 2945 890 2992 venundatum
906 2946 929 2991 ia
947 2943 985 2992 turi
995 2954 1042 2991 erat
1052 2956 1127 3004 poter·

167 3017 193 3054 ut
204 3007 291 3055 tierent.
663 3008 725 3054 tate?
740 3009 793 3069 quid
808 3016 858 3054 erat
869 3023 910 3053 cur
920 3007 1035 3053 induceres
1045 3007 1068 3053 io
1078 3008 1115 3052 ani

201 3077 234 3120 29
251 3071 399 3133 Nunoigitun
407 3069 513 3125 Domine,
519 3071 634 3117 intuereia
663 3086 725 3116 murn
733 3069 870 3117 remittam?
886 3070 1124 3116 nonesmentitusho

169 3135 241 3183 minas
262 3151 346 3189 eorum,
368 3143 392 3182 et
413 3135 441 3182 da
458 3136 528 3181 servis
547 3136 590 3181 tuis
610 3142 635 3180 ut
664 3134 766 3186 minibus,
778 3133 817 3178 sed
829 3132 888 3179 Deo.

168 3214 220 3246 oum
232 3200 292 3246 omni
304 3199 403 3246 libertate
414 3198 532 3259 loquantur
548 3214 634 3246 sermo·
696 3187 712 3245 5
729 3197 831 3243 Audiens
839 3206 912 3243 autem
923 3194 1022 3241 Ananias
1030 3196 1071 3241 bos
1080 3211 1125 3242 rer·

170 3278 221 3312 aem
233 3272 315 3317 tuum,-
665 3276 750 3316 mones,
761 3260 846 3313 cecidit,
863 3267 886 3306 et
893 3259 1031 3305 exanimatus
1039 3268 1086 3305 est:
1105 3270 1126 3307 ut

201 3331 235 3372 50
252 3327 324 3373 ntanu
335 3321 431 3372 tutiate
446 3323 538 3372 extensi
554 3326 582 3372 ad
598 3340 633 3371 sa·
664 3324 1115 3386 exstitittimormnguussuperomoesau

172 3391 275 3444 trandum,
292 3391 406 3450 signisque
416 3397 438 3436 et
449 3389 560 3436 miraculis
570 3389 635 3436 editis
665 3390 750 3436 dientes
760 3388 809 3436 ista.

171 3470 210 3516 per
220 3468 303 3500 nomen
314 3455 384 3499 sancti
398 3452 447 3499 Fuit
458 3454 489 3498 tui
501 3453 564 3500 Jesu.
698 3453 853 3513 dsurgautes
879 3447 933 3497 verri
955 3451 1051 3510 juvenes
1077 3453 1117 3496 nb

199 3521 229 3562 51
244 3516 321 3570 Quum
327 3526 401 3563 autem
408 3518 489 3577 precati
495 3525 576 3570 essent,
583 3531 634 3562 suc·
665 3525 780 3562 traxerunt
788 3516 978 3574 cumulatumque
990 3514 1120 3574 sepelierunt

170 3595 248 3628 cussus
259 3588 292 3626 est
303 3580 366 3626 locus
377 3580 398 3625 in
410 3596 454 3640 quo
469 3588 532 3627 erant
547 3580 633 3626 coactis
699 3583 713 3629 7
732 3577 859 3625 Intercessit
878 3588 951 3624 autam
970 3573 1041 3623 sanni
1063 3579 1116 3626 hora

172 3651 193 3692 tt
205 3644 280 3705 repleti
292 3653 430 3691 rintomnes
445 3644 527 3705 Spiritu
545 3644 635 3697 Sancto,
667 3659 716 3690 rum
733 3644 800 3690 trium
818 3641 965 3695 interuallum,
984 3657 1052 3702 quum
1073 3657 1125 3690 uxor

173 3719 195 3754 et
213 3707 297 3768 loquuti
314 3714 368 3755 sunt
384 3722 510 3754 sermonem
528 3706 573 3753 Dei
584 3722 635 3753 rum
667 3721 754 3767 quoque
770 3707 844 3767 ipsius,
862 3705 962 3752 nesciens
975 3706 1035 3767 quod
1046 3705 1129 3755 sartum

172 3772 278 3817 liuertste.
402 3829 446 3877 m
524 3789 530 3795 ¹
667 3771 747 3826 fuerat,
758 3784 855 3829 ingressa
867 3775 909 3816 est·
