2756 4320
543 381 707 440 tonitruis,
730 383 793 432 VII.

176 504 363 544 umnetemem:
382 495 657 558 etsutcittmrptumego
687 494 982 556 etegovivoperl'etrem:
996 499 1151 561 ι’έαοίιιωτμ

176 561 252 608 urimo
263 561 305 606 illo
317 561 366 608 die.
688 559 757 606 ederit
768 575 811 612 me,
830 560 891 607 vivet
901 561 948 622 ipse
959 577 1048 623 quoque
1055 578 1096 624 per
1111 580 1155 612 nie.

205 628 235 670 41
257 625 442 672 Murmurabent
459 639 516 685 ergo
532 622 612 670 Judeei
629 623 656 670 de
719 625 751 670 5⁸
769 622 816 670 Hie
827 632 861 670 ent
871 626 934 686 penit
945 626 982 672 ilie
992 627 1030 688 qui
1046 627 1075 673 de
1091 629 1154 676 coeio

175 689 274 749 nmquin
285 689 387 743 dixerat,
400 689 518 750 ligonum
537 689 601 749 penit
620 687 657 734 illc
687 687 814 734 descenditr
845 704 890 735 non
916 697 984 751 prout
1009 692 1153 740 comederunt

175 754 211 813 qui
222 769 235 798 e
246 753 316 799 coelo
329 753 456 800 descendit.
545 793 549 802 ,
686 759 760 814 putres
771 752 839 798 vestri
847 768 935 808 marino,
946 765 969 802 et
985 756 1067 802 mortui
1084 765 1152 804 tunt:

205 821 238 862 42
257 816 293 864 Et
305 818 421 871 dicebant,
435 816 520 862 Nonne
529 816 564 862 hic
572 813 655 864 estie-
687 817 724 876 qui
735 815 806 862 ederit
816 817 875 862 huuc
886 833 972 879 panem,
984 818 1045 866 vivet
1053 820 1154 868 inteter-

174 895 218 934 tue.
230 881 293 928 fliius
302 882 345 928 iue
354 881 457 944 Josepht
468 881 532 941 cujus
541 895 582 926 not
591 880 655 926 novi-
687 894 749 926 num.

174 959 224 991 mus
246 954 344 1007 petrem
367 953 391 992 et
412 944 527 992 matrem?
544 944 655 1004 quomodo
719 948 751 992 59
769 943 835 992 Heec
846 945 901 990 dixit
912 945 934 992 in
946 944 1069 1009 synagoga,
1086 965 1153 1010 quum

174 1023 230 1071 ergo
241 1010 300 1057 dicit
311 1011 365 1064 iste,
378 1009 401 1056 E
410 1009 473 1055 coelo
485 1008 607 1054 descendi?
687 1007 777 1054 doceret
788 1009 810 1054 in
821 1010 878 1056 urbe
890 1007 1053 1070 Cepernnumo.

206 1079 240 1119 43
258 1074 395 1136 Respondit
405 1089 461 1134 ergo
472 1072 547 1126 Jeeut,
567 1079 590 1120 et
601 1073 655 1118 dixit
720 1077 753 1118 60
769 1071 839 1118 Multi
855 1088 911 1134 ergo
929 1087 958 1118 ex
976 1074 1087 1136 discipuli·
1107 1091 1155 1138 ejus

174 1151 212 1190 tu,
225 1137 266 1184 Ne
278 1145 424 1184 murmurete
434 1139 493 1183 inter
503 1152 551 1183 vot.
687 1137 724 1182 tis
741 1136 822 1182 auditi·
841 1136 951 1191 dixerunt,
972 1136 1052 1184 Durus
1070 1147 1105 1186 est
1120 1141 1155 1190 hic

207 1206 241 1246 44
259 1202 345 1248 Nemo
355 1209 430 1264 potest
441 1200 656 1254 venireadmenisi
685 1215 774 1246 sermon
792 1200 988 1262 quispoteeteum
999 1202 1093 1248 audire?

179 1263 253 1320 Peter.
271 1267 317 1328 qui
333 1268 394 1312 misit
412 1281 455 1319 me,
476 1266 567 1311 traxerit
585 1280 652 1312 eum:
720 1267 749 1310 61
769 1264 848 1312 Sciens
858 1273 932 1310 eutem
939 1264 1156 1327 Jesueepudeedit-

177 1337 198 1375 et
209 1347 255 1391 ego
268 1331 379 1377 suscitem
391 1329 465 1392 ipsum
476 1329 554 1376 ultimo
564 1329 602 1376 illo
613 1329 656 1375 die.
687 1328 773 1390 cipulos
784 1331 837 1376 suot
848 1329 876 1376 de
886 1330 929 1376 hoc
940 1345 1084 1386 murmurare,
1101 1331 1156 1382 dixit

208 1397 242 1440 45
262 1395 380 1456 Ser1ptum
391 1402 427 1440 est
442 1395 466 1439 in
485 1395 604 1455 prophetie,
625 1393 658 1440 Et
687 1392 727 1447 eis,
740 1391 1017 1442 Hocoinevonotiiendit?

178 1467 245 1504 eruut
257 1475 341 1504 omnes
351 1458 412 1504 docti
423 1474 437 1504 a
452 1457 513 1504 Deo.
547 1457 656 1518 Quisquis
721 1461 753 1504 62
772 1459 833 1510 Quid
844 1458 862 1504 ti
874 1458 943 1520 igitur
953 1460 1105 1520 spectaveritis
1116 1459 1154 1508 it-

178 1537 236 1583 ergo
248 1523 337 1569 audivit
348 1538 363 1569 o
374 1521 449 1576 Patre,
461 1530 484 1568 et
495 1521 576 1576 didicit,
594 1523 657 1568 venit
688 1519 743 1568 lium
764 1522 860 1570 hominis
880 1523 1037 1571 ascendentem
1063 1522 1091 1572 ed
1118 1526 1155 1572 ubt

180 1587 209 1632 ed
220 1603 268 1633 me.
688 1593 736 1632 eret
747 1583 825 1648 pride?

212 1655 246 1697 46
267 1649 323 1698 Non
334 1647 396 1711 qudd
408 1649 499 1696 Putrem
508 1650 587 1697 tiderit
595 1650 656 1711 quie·
720 1655 752 1696 63
769 1651 864 1712 Spiritus
875 1659 910 1698 est
920 1651 942 1697 id
961 1652 1021 1713 quod
1039 1651 1154 1711 vivificem

181 1730 259 1774 quam,
271 1717 315 1762 nisi
326 1717 345 1762 is
356 1716 394 1776 qui
404 1714 540 1772 estuDeo;
557 1715 593 1761 hic
602 1716 657 1762 vidit
688 1729 740 1761 cero
759 1729 805 1762 non
827 1716 917 1776 prodent
934 1717 1067 1776 quicquam:
1086 1718 1152 1764 verbo

185 1777 281 1826 Patrem
688 1793 745 1839 quoe
755 1794 798 1840 ego
809 1778 888 1839 loquor
908 1781 977 1835 vobit,
997 1781 1087 1842 spiritus
1102 1794 1155 1828 tunt

215 1848 248 1890 47
268 1843 350 1897 Anien,
368 1858 440 1896 emen,
461 1843 511 1888 dico
529 1843 598 1897 vobis,
618 1843 656 1904 qui
688 1842 838 1888 etvitasunt

182 1908 256 1955 credit
267 1909 292 1954 in
301 1923 338 1954 me
349 1909 415 1954 hebet
426 1909 495 1953 vitem
506 1914 626 1955 aeternam.
721 1910 754 1952 64
771 1906 816 1952 Sed
826 1913 879 1952 tunt
889 1905 977 1966 quidem
989 1921 1018 1952 ex
1037 1907 1099 1954 vobit
1116 1914 1153 1968 qui

216 1977 251 2018 48
269 1971 323 2033 Ego
334 1987 384 2018 eum
395 1971 459 2032 penis
470 1971 507 2017 ille
518 1972 582 2018 ritae.
688 1984 734 2016 non
745 1970 845 2016 credunt.
880 1970 967 2016 Sciebat
983 1971 1043 2018 enim
1062 1986 1076 2018 e
1093 1973 1155 2034 prin·

217 2041 252 2084 49
269 2035 349 2082 Patres
359 2036 427 2082 vestri
439 2035 583 2082 comedernnt
591 2051 655 2082 men·
687 2035 745 2096 cipio
761 2033 829 2082 Jetue
848 2035 938 2095 quinum
955 2043 1030 2082 essent
1050 2037 1088 2097 qui
1110 2051 1156 2084 non

185 2101 249 2146 nain
261 2101 355 2154 deserto,
366 2110 390 2146 et
400 2100 483 2146 mortui
494 2107 553 2146 sunt.
687 2099 811 2154 credebant,
838 2107 861 2146 et
882 2099 932 2160 quie
953 2115 1005 2147 eum
1028 2101 1156 2164 proditurus

218 2169 252 2212 50
269 2163 316 2210 Hic
325 2172 361 2210 est
370 2165 435 2226 penis
451 2163 487 2210 ilie
505 2164 543 2224 qui
561 2180 575 2210 e
593 2164 656 2210 coelo
687 2171 753 2210 emet.

186 2227 307 2284 demendit,
329 2238 354 2274 ut
374 2229 412 2289 qui
434 2244 463 2274 eo
484 2229 587 2284 vescitur,
610 2244 655 2275 non
719 2230 751 2274 65
768 2227 800 2274 Et
811 2229 901 2282 dicebat,
922 2227 1042 2290 Propterea
1052 2229 1097 2276 dixi
1114 2245 1155 2276 vo·

187 2294 301 2339 morietur.
686 2291 720 2337 bis
731 2292 842 2338 neminem
853 2307 919 2352 poste
931 2293 1006 2338 venire
1017 2293 1045 2338 nd
1055 2309 1098 2348 me,
1110 2294 1152 2340 niti

221 2360 249 2404 51
269 2355 323 2418 Ego
334 2372 384 2402 sum
392 2369 456 2418 penis
464 2355 501 2402 ille
509 2355 609 2402 vivificus
617 2357 654 2417 qui
688 2355 756 2401 tuerit
766 2355 786 2401 ei
798 2355 873 2401 datum
884 2370 898 2402 e
910 2354 977 2401 Patre
988 2371 1046 2402 meo.

187 2421 397 2467 ecoeiodeecendit.
415 2421 490 2480 Siquis
497 2421 605 2467 ederitex
613 2422 655 2468 hoc
721 2424 752 2466 66
769 2418 808 2464 Ex
819 2435 846 2464 eo
854 2426 954 2478 tempore
961 2419 1025 2464 multi
1034 2420 1153 2480 discipulo·

188 2499 251 2546 pene,
260 2485 322 2531 vivet
331 2485 490 2531 ineetemum:
509 2485 654 2546 penitentem
688 2499 738 2530 mm
749 2483 797 2544 ejus
808 2483 886 2545 pedem
898 2482 1027 2538 retulerunt,
1047 2499 1089 2530 nec
1105 2500 1154 2532 em·

189 2565 253 2610 quem
265 2565 310 2610 ego
321 2549 385 2603 dabo,
401 2564 455 2595 cero
465 2563 515 2596 mee
528 2556 570 2604 est,
588 2563 655 2609 quam
688 2545 745 2610 plide
756 2563 808 2594 cum
819 2564 847 2594 eo
859 2549 1010 2594 versabantur.

188 2628 231 2675 ego
241 2614 297 2660 debo
308 2629 349 2674 pro
361 2613 438 2659 mundi
449 2610 502 2659 vitri.
720 2615 751 2659 67
770 2611 836 2658 Dixit
844 2628 899 2674 ergo
906 2611 974 2660 Jesue
983 2612 1098 2659 duodecim
1106 2613 1155 2669 iilis,

219 2681 251 2724 ⁵2
269 2677 405 2739 Pugnabunt
415 2693 472 2738 ergo
481 2676 561 2724 Judnei
570 2677 605 2724 eiii
614 2678 654 2724 ad-
688 2675 752 2724 Num
763 2683 786 2722 et
797 2693 838 2723 vos
848 2677 916 2724 vultis
926 2677 1004 2724 obire?

188 2739 337 2795 vendendos,
349 2741 454 2795 dicentu,
473 2741 594 2796 Quomodo
613 2758 654 2803 po-
720 2745 751 2788 68
768 2740 893 2803 Respondit
904 2757 960 2804 ergo
970 2743 990 2789 ei
1011 2743 1089 2790 Simon
1109 2742 1144 2790 Pe

188 2805 452 2852 teethienobiscernem
471 2820 537 2852 mam
556 2807 609 2852 dere
627 2807 655 2853 nd
687 2813 742 2860 trus,
763 2805 870 2860 Domine,
893 2807 921 2854 ad
942 2823 1008 2868 quem
1028 2807 1154 2854 nbioimus?

188 2869 342 2916 veecendum?
687 2871 755 2918 verba
764 2871 823 2917 vitee
834 2879 936 2917 aeternae
947 2872 1013 2920 hebes
1023 2889 1029 2918 ι

221 2937 253 2981 5³
270 2933 338 2980 Dixit
353 2949 409 2996 ergo
426 2934 459 2980 eis
476 2931 550 2988 Jecur,
571 2933 654 2989 Amen,
719 2939 751 2982 69
768 2934 801 2980 Et
817 2949 859 2980 noe
875 2935 1015 2988 credidimus,
1033 2941 1056 2980 et
1072 2933 1155 2982 ecimus

186 3011 258 3052 moeri,
269 2999 319 3044 dico
329 2999 399 3052 vobis,
412 2998 454 3044 nisi
464 2999 553 3044 ederitis
563 3013 653 3045 carnem
686 3004 710 3045 te
725 3013 775 3044 etse
792 2996 907 3046 Christum
925 2998 988 3044 iilum
1007 2997 1089 3044 Filium
1109 2997 1155 3045 Der

188 3061 240 3109 Filii
257 3063 360 3116 hominio,
383 3069 407 3108 et
423 3062 519 3109 biberitis
536 3063 584 3123 ejut
602 3077 654 3110 ton·
688 3061 791 3108 viventis.

187 3126 285 3188 guinem,
297 3141 343 3172 non
354 3127 460 3173 habebitis
471 3126 539 3174 vitem
550 3127 573 3173 in
586 3127 655 3174 vobit.
719 3128 752 3172 70
768 3123 894 3184 Respondit
901 3123 933 3168 eis
939 3121 1013 3178 Jesus,
1022 3122 1155 3187 Nonneego

219 3193 252 3237 54
269 3190 314 3245 Qui
325 3191 371 3236 edit
381 3205 471 3238 carnem
481 3205 561 3245 meam,
572 3198 596 3237 et
603 3191 656 3238 bibit
686 3204 729 3238 vot
745 3186 862 3234 duodecim
881 3187 945 3248 elegi.
963 3194 986 3233 et
1004 3195 1081 3234 tanuen
1099 3203 1155 3237 unm

189 3267 262 3302 meum
271 3255 409 3316 sanguinem,
428 3255 493 3301 hebet
503 3255 572 3302 ritem
583 3262 655 3301 eeter'·
687 3268 717 3300 ex
727 3253 791 3298 vobis
801 3257 836 3298 est
847 3250 965 3298 diabolus?
976 3271 979 3277 ¹

189 3331 256 3373 nem3
272 3326 296 3364 et
312 3335 357 3380 ego
374 3319 484 3365 suscitabo
498 3320 571 3381 ipsum
588 3319 611 3365 in
620 3318 655 3364 ul-
721 3320 748 3365 71
769 3315 912 3376 loquebatur
922 3322 997 3364 eutem
1009 3312 1105 3364 deJudd
1116 3317 1152 3364 Si·

189 3381 246 3427 timo
257 3383 295 3428 illo
306 3383 349 3429 die
688 3382 761 3428 monis
770 3381 827 3445 filio
838 3377 962 3437 Iscnriotd3
979 3379 1078 3426 futurum
1095 3385 1154 3430 eninr

221 3449 252 3493 55
270 3445 330 3494 Caro
341 3447 401 3492 enim
412 3462 462 3494 mee
472 3443 525 3493 verd
536 3453 570 3493 est
586 3447 655 3501 cibut,
687 3455 735 3493 erat
747 3453 771 3492 ut
782 3445 817 3490 hic
828 3445 931 3506 proderet
941 3459 1000 3499 eum,
1017 3459 1085 3506 quum
1096 3455 1155 3495 esset

191 3521 212 3556 et
223 3511 313 3571 sanguin
324 3525 388 3558 meus
399 3508 452 3557 verd
462 3519 497 3557 est
507 3519 580 3572 potus.
688 3525 746 3558 unus
757 3524 785 3556 ex
797 3509 839 3554 iilis
849 3509 974 3556 duodecim.

221 3578 252 3622 56
270 3575 316 3629 Qui
326 3575 373 3622 edit
384 3590 456 3622 metm
463 3590 560 3629 carnem,
572 3581 595 3621 et
601 3575 656 3620 bibit

192 3651 264 3714 metim
281 3639 420 3702 sanguinem,
438 3640 462 3686 iu
479 3653 517 3686 ure
533 3637 615 3694 menet,
633 3646 657 3706 et
844 3633 920 3684 CAP.
942 3635 1002 3686 v11.

191 3716 656 3876 ‘giiisidmmtetffivivmmeruee
755 3699 1155 3828 Elddrididdridjgdiiiiddeinnriiffii
