2720 4312
580 421 687 470 PAULI
705 420 875 470 EPISTULA

277 536 305 582 17
323 529 374 579 111111
389 548 457 595 quum
471 539 530 580 esset
547 531 641 586 Rornae,
660 539 707 578 stu·
740 540 760 580 et
772 533 809 594 qui
821 527 1017 591 reetrisermonem
1031 535 1131 582 veritaris
1140 547 1204 586 seret.

242 594 675 658 110111011101110111111110,0111110111,
775 601 804 644 16
822 597 932 644 Prosnnos
948 609 1021 644 nutem
1039 599 1089 646 illos
1104 601 1132 647 de
1144 603 1206 649 1111111

277 666 306 708 18
323 659 371 708 Det
380 661 399 708 ei
409 661 522 708 Dominus
530 661 657 707 utinveniut
665 661 707 706 mi·
741 660 841 708 lnnnihu's
862 663 970 708 chunones
992 664 1083 710 cohibe:
1108 667 1137 712 sd
1159 681 1206 712 mo·

243 725 382 773 serieordium
404 727 462 786 apud
484 725 610 771 Dominum
630 726 652 772 in
673 726 708 772 die
735 729 810 788 jorem
822 727 881 771 enim
892 728 1015 789 procedunt
1026 727 1178 789 impietatem:

244 789 295 846 ἶΗος
313 787 378 851 quitm
390 790 536 835 multaetinm
555 789 639 851 Ephesi
656 791 707 836 suh-
775 794 803 836 17
821 791 854 837 Et
871 807 944 837 sermo
963 807 1040 838 eorum
1060 794 1164 856 depascet
1185 802 1207 840 ut

244 853 379 910 ministrdrit,
391 862 416 901 tu
427 850 511 918 optime
523 851 587 900 nisit.
740 870 883 916 gangraenas
902 858 1017 918 exquibus
1028 868 1062 903 est
1075 857 1206 920 Hymnus·

741 934 767 966 us
779 929 802 965 et
814 919 932 977 l'hiletus3
961 917 967 932 ‘

413 981 487 1032 CAP.
505 980 539 1029 11.
775 987 805 1029 18
823 983 869 1038 Qui
881 985 940 1031 circa
950 986 1064 1032 veritatum
1079 984 1206 1034 oberritruni

243 1045 329 1168 TU
340 1048 415 1110 igi-ur,
426 1048 456 1094 iili
468 1047 506 1102 nii,
518 1047 660 1093 corroborare
671 1061 710 1108 per
739 1043 754 1094 d
765 1063 839 1109 scopo,
856 1049 954 1095 dieentes
969 1051 1152 1097 resurrectionem
1158 1054 1207 1114 jaun

244 1171 307 1228 m
323 1113 418 1174 gretiam
440 1128 496 1174 quae
516 1119 551 1158 est
572 1112 595 1158 in
618 1110 710 1159 Christo
740 1111 898 1222 ffignctum:
922 1123 946 1166 et
961 1116 1091 1161 subvertunt
1108 1131 1205 1177 quorun¹

818 1177 875 1222 dem.

277 1245 292 1286 11
309 1240 341 1288 Er
350 1256 406 1302 quse
414 1237 710 1288 audistiitmeintermultos
776 1245 806 1288 19
823 1241 923 1288 Solidum
943 1251 1016 1288 tamen
1038 1242 1207 1290 fundumentum

244 1313 318 1360 testes,
330 1307 384 1352 haec
395 1307 509 1352 committe
520 1305 569 1351 iidis
578 1304 710 1359 hominihus,
742 1303 788 1351 Dei
801 1313 851 1359 stat,
868 1307 950 1352 habeus
962 1307 1058 1368 sigillum
1070 1309 1118 1361 hoe,
1137 1307 1206 1354 Novit

244 1370 281 1430 qui
293 1370 337 1416 sint
348 1371 420 1416 idonei
431 1371 458 1416 sd
467 1371 522 1416 alios
530 1385 619 1431 quoqne
626 1369 709 1415 docen-
743 1368 857 1415 Dominus
864 1386 902 1416 eos
910 1372 1009 1430 quisunt
1018 1373 1063 1417 sui:
1075 1383 1112 1425 et,
1122 1373 1206 1418 Ahsee·

244 1435 291 1479 dos.
741 1434 779 1480 dat
790 1435 816 1480 uh
827 1434 933 1496 injustitiis
944 1436 1042 1497 quisquis
1054 1437 1154 1482 nominat
1165 1453 1206 1483 no·

276 1502 290 1543 ³
308 1498 345 1544 Tu
357 1499 425 1559 igitur
436 1497 532 1544 tolerans
543 1503 591 1544 esto
602 1497 709 1552 laborum,
741 1513 793 1544 men
806 1497 897 1546 Christi.

246 1571 269 1608 ut
280 1563 351 1608 bonus
362 1563 426 1610 miles
436 1561 492 1610 Jesu
505 1560 596 1609 Christi.
774 1567 806 1608 20
823 1559 942 1612 Caetenlm
954 1563 977 1610 in
990 1560 1071 1626 magni
1083 1565 1150 1611 domo
1162 1581 1206 1612 non

276 1630 291 1670 4
308 1626 383 1673 Nemo
395 1627 432 1688 qui
444 1627 523 1672 militat
534 1625 658 1687 implicatur
666 1626 709 1672 hu·
741 1624 828 1674 tanttlm
840 1635 892 1675 sunt
905 1643 958 1674 vasa
973 1644 1040 1675 aurea
1056 1637 1079 1676 et
1094 1639 1206 1691 argentea,

243 1689 279 1741 lus
289 1693 347 1738 vitae
359 1691 462 1753 negotiis.
479 1699 503 1738 ut
514 1692 534 1737 ei
545 1691 630 1753 placeat
640 1687 654 1735 1
665 1705 709 1750 quo
741 1692 780 1738 sed
791 1692 856 1738 etium
868 1693 944 1754 lignea
954 1707 980 1738 nc
996 1701 1109 1750 testseee5
1126 1703 1149 1740 et
1165 1695 1206 1743 alis

244 1757 342 1805 delectus
353 1765 387 1802 est
398 1756 469 1802 miles.
741 1752 830 1816 quidtm
852 1757 880 1803 ad
902 1757 975 1808 decus.
995 1758 1037 1804 alia
1053 1756 1107 1805 verd
1123 1759 1151 1805 ud
1167 1759 1206 1804 110-

276 1825 291 1867 5
310 1818 378 1875 Qurid
387 1822 404 1868 si
414 1828 484 1868 certet
492 1820 558 1866 etium
567 1817 651 1880 uliquis,
663 1833 709 1864 non
742 1821 816 1867 decus.

244 1896 363 1931 coronatur
374 1887 414 1932 nisi
426 1882 525 1948 legitime
536 1884 660 1932 certaverit.
774 1889 802 1930 ut
823 1884 896 1946 Siquis
907 1885 976 1947 igitur
987 1901 1035 1932 sese
1045 1887 1072 1932 ab
1081 1887 1115 1933 his
1124 1903 1192 1949 expui

277 1955 292 1996 6
309 1951 438 2011 Agricolam
446 1959 533 2011 oportet
540 1946 600 2011 priris
607 1949 709 1994 tatoran-
739 1946 806 2011 grisii,
825 1951 868 2002 erit
884 1951 911 1995 ad
930 1963 970 1996 ves
989 1951 1062 2005 decus,
1083 1953 1206 1998 sanctitica-

245 2013 273 2058 do
284 2015 369 2074 fruetus
380 2016 499 2076 percipere.
741 2022 796 2068 tum,
806 2021 830 2060 et
841 2014 1009 2060 accommodum
1021 2017 1095 2062 usibus
1104 2015 1207 2070 Domini,

277 2083 291 2124 7
310 2077 432 2126 Considera
448 2093 504 2138 quae
515 2079 571 2124 dico.
605 2076 654 2124 Det
665 2075 709 2138 igi·
740 2086 762 2125 et
773 2078 801 2124 sd
812 2094 879 2124 omne
890 2094 946 2140 opus
956 2081 1038 2124 honum
1047 2090 1206 2140 comparatum.

245 2151 281 2187 tur
303 2143 338 2188 tibi
359 2141 473 2189 Dominus
495 2143 664 2204 intelligentium
686 2142 708 2187 iu
779 2147 811 2188 22
833 2142 950 2191 Juveniles
977 2155 1050 2189 autem
1078 2145 1207 2206 cupiditates

244 2205 353 2252 omnibus
740 2205 810 2268 suge:
840 2207 879 2253 sed
898 2215 982 2254 sectare
995 2208 1112 2270 justitiam.
1131 2208 1206 2262 fidem,

189 2285 193 2290 ’
277 2270 517 2320 tilliementoJesum
531 2269 646 2319 Christum
658 2286 707 2318 sus·
740 2271 877 2325 charitatem,
890 2287 975 2332 parem,
992 2273 1206 2333 cunriisquiinvo-

246 2334 335 2383 titutum
347 2335 415 2384 fuisse
425 2351 454 2382 ex
465 2337 565 2390 mortuis,
573 2335 668 2398 sartum
680 2350 710 2381 ex
740 2343 792 2381 cant
805 2332 919 2383 Christum
930 2351 959 2382 ex
970 2353 1026 2398 puro
1037 2337 1110 2382 eorde.

245 2400 328 2446 semino
341 2399 443 2454 Daridis,
461 2399 582 2448 secundum
593 2401 708 2462 evangeli·
774 2403 805 2445 2³
823 2401 908 2446 Stultus
918 2411 992 2447 nutem
1003 2408 1026 2447 et
1042 2401 1162 2448 ineruditos
1178 2401 1206 2446 il·

202 2463 205 2468 '
246 2479 281 2508 um
296 2479 385 2511 meume
740 2463 773 2510 lus
783 2465 924 2525 quaestiones
935 2466 1007 2526 rejice,
1022 2465 1094 2512 sciens
1105 2481 1142 2512 eus
1153 2467 1205 2528 gig·

277 2533 292 2574 9
306 2525 334 2573 ln
343 2545 393 2588 quo,
403 2529 463 2575 velut
470 2528 613 2583 facinorosus,
622 2529 709 2590 uilligor
741 2544 794 2574 nere
805 2545 899 2591 pugnas.

245 2605 314 2650 usque
336 2593 363 2638 ad
381 2593 485 2652 vincula;
511 2595 550 2640 sed
569 2609 642 2640 sermo
662 2593 709 2640 Dei
774 2597 806 2639 24
828 2593 923 2640 Servum
945 2601 1019 2640 sutem
1043 2591 1138 2641 Domini
1161 2611 1206 2641 nou

245 2669 290 2699 non
301 2662 336 2700 est
347 2655 441 2702 vinetus.
740 2665 830 2720 oportet
848 2673 954 2719 pugnare,
974 2659 1013 2704 sed
1032 2659 1141 2720 plot-idum
1158 2675 1206 2706 esse

188 2724 189 2727 ’
279 2720 309 2762 10
325 2716 381 2764 Ideo
403 2720 478 2766 omnia
499 2721 597 2766 sustineo
618 2727 709 2782 propter
740 2719 795 2782 ergd
817 2737 902 2776 omnes,
929 2731 1005 2784 aptum
1026 2723 1054 2769 nd
1075 2723 1207 2778 docendum,

244 2780 333 2834 eleetos,
345 2789 370 2827 ut
380 2789 404 2828 et
414 2783 454 2844 ipsi
467 2783 559 2829 sulutem
568 2800 707 2846 consequun-
741 2787 872 2832 tolerantem
884 2785 972 2832 malost

244 2845 384 2905 turquaeest
393 2847 415 2893 in
425 2845 516 2894 Christo
524 2846 587 2902 Jesu‚
596 2864 647 2894 curn
656 2849 708 2910 glo·
774 2854 805 2898 25
823 2849 883 2898 Cum
902 2851 993 2896 lenitate
1011 2851 1148 2897 erudientem
1168 2867 1207 2899 eos

245 2907 276 2956 1111
287 2910 382 2956 oeterni,
741 2915 779 2974 qui
790 2915 901 2961 contrario
911 2916 986 2962 animo
998 2925 1050 2961 sunt
1060 2915 1132 2961 affecti
1142 2932 1150 2972 ς
1169 2931 1207 2962 et·

195 3011 199 3026 ,
279 2978 304 3020 11
325 2973 408 3024 Certus
419 2983 451 3022 est
462 2977 500 3024 lu'c
511 2992 597 3023 sermo:
617 2975 677 3023 Num
690 2978 708 3024 si
736 2979 1053 3040 pertrrrumnumnliqunndo
1069 2980 1161 3025 daturus
1179 2980 1206 3026 sit

245 3053 295 3085 rum
306 3057 331 3087 eo
342 3043 424 3088 mortui
435 3057 518 3096 sumus,
535 3057 586 3088 curn
600 3057 625 3088 10
641 3043 707 3088 etium
740 3043 772 3088 eis
794 3042 861 3089 Deus
879 3044 1052 3106 resipiscentium
1066 3045 1094 3090 nd
1110 3044 1206 3106 agnitio·

244 3104 359 3152 vivemusr
740 3123 791 3153 nem
804 3108 902 3152 veritatis
912 3124 919 3162 3

279 3173 308 3216 12
325 3171 348 3218 Si
361 3170 478 3217 tolerantes
490 3186 573 3225 sumus,
582 3171 707 3217 etiamnum
759 3169 803 3218 ‘26
821 3171 853 3217 Et
864 3173 958 3218 sanitate
968 3173 1050 3222 mentis
1061 3169 1205 3234 receptricem·

245 3248 268 3282 ru
289 3235 446 3297 regnabimus3
477 3235 496 3282 si
518 3235 660 3296 abnegamus,
685 3244 708 3281 et
738 3237 790 3292 suri
799 3250 828 3282 ex
839 3235 918 3282 diaboli
930 3236 1016 3296 laqueo,
1035 3238 1062 3284 01)
1078 3253 1106 3284 eo
1125 3235 1207 3299 uptiri

244 3297 281 3345 itte
291 3299 406 3360 abnegabit
415 3314 471 3345 nos:
591 3323 597 3328 -
739 3299 798 3353 sacti,
810 3299 918 3362 sd‘ipsius
928 3299 1023 3348 libitum.

278 3365 307 3408 15
325 3363 348 3408 st
357 3362 417 3408 inlidi
425 3377 508 3416 sumus,
518 3362 554 3409 ille
561 3371 639 3410 tomen
650 3362 707 3410 lidus

244 3433 324 3480 manet,
336 3441 418 3487 negare
429 3428 525 3488 seipsum
536 3442 581 3473 non
593 3433 673 3488 potest.
901 3425 975 3474 CAP.
997 3425 1045 3474 111.

277 3493 307 3536 14
324 3489 388 3536 Haec
397 3505 500 3552 suggere,
509 3492 620 3538 obtestans
631 3507 706 3538 coram
776 3489 873 3538 LLUD
886 3503 960 3538 nutem
973 3491 1035 3545 scito,
1044 3491 1091 3537 sore
1099 3499 1124 3537 ut
1132 3499 1195 3538 extre
1237 3539 1240 3544 Δ

245 3551 345 3601 Domino
356 3569 384 3600 ne
395 3554 423 3600 de
434 3555 507 3603 seriis
522 3565 629 3610 osurierit,
646 3556 707 3617 quod
808 3556 850 3602 mis
861 3556 938 3602 diebus
950 3557 1033 3602 instent
1044 3563 1145 3616 tempore
1155 3571 1194 3602 uio

245 3617 324 3666 tullum
343 3617 415 3663 adfert
432 3612 556 3676 utilitatem,
579 3617 623 3666 ιηιὸ
643 3621 706 3666 audi·
737 3619 800 3666 lestis.

244 3686 302 3727 iores
313 3682 427 3727 subvertit.
771 3687 786 3728 2
803 3683 878 3730 Erunt
885 3683 1054 3729 enimhomines
1060 3682 1092 3727 sui
1100 3692 1205 3737 anruntsn

276 3745 306 3788 15
323 3744 392 3789 Stude
403 3745 497 3804 teipsum
506 3747 621 3806 probatum
630 3747 707 3792 sistere
738 3747 806 3799 avari,
817 3747 918 3808 gloriosi,
930 3747 1024 3808 superbi,
1041 3747 1149 3799 maledici,
1167 3761 1207 3808 pn-

246 3803 305 3863 Deo,
323 3807 446 3868 operarium
465 3809 502 3864 qui
521 3823 567 3855 non
585 3811 705 3863 erubeseat„
739 3811 837 3878 rentibus
848 3811 991 3873 immorigeri,
1004 3811 1092 3871 ingrati.
1105 3809 1197 3872 profani.

432 3871 485 3922 240
