2756 4320
607 385 772 463 'tonsuras
794 406 829 456 in

240 515 287 568 ern,
303 521 326 560 et
337 513 390 561 dreit
400 527 428 568 cr,
446 511 577 560 Invenimus
593 515 659 560 cllum
671 513 698 560 de
728 514 791 561 oistri
803 515 900 564 sciebant
910 517 948 577 qui
960 517 1078 566 hauserant
1089 517 1187 582 mom)

236 593 280 640 quo
288 579 375 640 scripsit
383 577 463 625 Moses
470 577 559 640 in'lege,
571 585 594 623 et
602 578 697 639 prophe·
729 585 794 626 vocat
805 595 911 640 sponsum
923 582 1082 629 architriclino:

236 649 277 696 tas,
294 657 374 702 nempe
389 641 468 690 Jesurn
478 641 546 688 tilium
558 640 619 688 illurn
629 641 697 690 Jose·
764 647 794 689 10
811 643 843 690 Et
853 645 907 690 dicit
917 645 944 698 ei,
961 644 1047 693 Omnes
1058 647 1129 712 primo
1141 647 1191 694 loca

236 706 279 768 phi,
291 706 352 752 illum
364 720 393 752 ex
403 707 459 752 urbe
470 703 600 753 Nazaretlui
728 707 811 752 bonurn
821 708 896 754 vinum
906 719 1036 771 apponunt}
1044 720 1065 757 ot
1074 720 1191 772 postquam

267 772 299 816 47
316 769 376 816 Turn
394 770 487 817 dixitei
510 769 642 822 Nathana'cl,
661 768 698 816 Ab
728 771 1191 836 conoinoeatl'atinrbiberunt,tuncidquod

237 832 426 880 vrbeNazaretbi
434 842 507 895 potest
514 832 652 894 uliquidboni
662 849 698 878 es·
729 832 803 880 minbs
814 836 896 881 bonum
905 849 953 884 est:
973 845 997 884 tu
1007 836 1190 888 servisciborum

236 897 280 945 sei
297 896 364 944 Dixit
374 899 394 944 ei
409 897 529 960 Philippus,
539 897 598 944 Veni
609 905 632 944 et
641 898 698 946 vida
728 899 976 960 vinumusqueadhuc.
1082 911 1087 916 ’

267 965 300 1008 48
318 960 380 1008 Vidit
390 961 626 1010 Jeruanrnanaeiem
636 961 698 1008 veni·
764 966 790 1008 11
806 963 859 1009 Hoc
868 964 954 1010 initium
964 965 1079 1026 signorum
1089 965 1140 1012 lecit
1148 965 1193 1016 Je-

236 1033 311 1074 cutcm
332 1026 359 1073 ad
377 1042 407 1080 se,
427 1033 449 1072 et
471 1027 525 1072 dixit
541 1026 569 1072 de
585 1041 618 1080 eo,
637 1025 699 1073 Ecce
729 1041 766 1072 sus
778 1026 801 1072 in
814 1024 883 1082 Cani,
892 1030 974 1088 oppido
982 1030 1102 1086 Galilaeae,
1111 1040 1134 1077 et
1142 1047 1191 1078 rna-

237 1085 291 1136 rerd
302 1089 404 1137 Israelita
414 1091 436 1136 in
448 1105 492 1150 quo
503 1088 567 1136 dolus
578 1105 623 1138 uon
640 1097 681 1136 est.
729 1089 831 1137 nilestam
842 1091 895 1137 lecit
905 1093 999 1154 gloriam
1009 1109 1087 1140 suamc
1108 1102 1131 1140 et
1142 1111 1191 1142 cre·

270 1158 302 1201 49
319 1153 417 1202 Dixitei
433 1153 564 1207 Nathanaiil,
580 1153 645 1200 Unde
662 1168 699 1200 me
729 1154 832 1200 dideruut
843 1155 865 1201 iu
876 1157 1037 1220 eumdiscipuli
1047 1160 1102 1220 ejus.

237 1216 315 1264 misti?
331 1217 456 1282 Respondit
473 1217 547 1274 Jesus,
559 1225 581 1264 et
597 1218 653 1264 drxit
669 1219 697 1272 ei,
763 1221 793 1264 12
808 1218 917 1280 {Postea
926 1221 1039 1268 descendit
1052 1221 1192 1284 Capernaurn

238 1280 370 1343 Priusquam
376 1290 398 1328 te
405 1281 520 1344 Philippus
528 1289 698 1343 vacaretquum
728 1295 781 1343 rpse,
799 1289 821 1328 et
837 1292 914 1339 mater,
925 1292 949 1330 et
959 1285 1045 1340 iratres,
1059 1293 1083 1328 et
1093 1284 1178 1345 discipu

237 1361 297 1394 esses
308 1347 383 1392 subter
392 1345 465 1398 licum,
477 1345 576 1392 videbam
588 1353 617 1392 te.
727 1347 785 1408 ejus:
799 1356 972 1410 manseruntque
987 1349 1031 1396 illic
1047 1365 1092 1396 non
1109 1351 1193 1398 multos

269 1413 302 1456 50
318 1409 443 1471 Respondit
461 1408 592 1462 Natbautel,
609 1409 699 1455 etdixit
729 1409 793 1466 dres;
1269 1459 1273 1464 ,

236 1473 263 1526 ei,
276 1473 354 1527 Rabiri,
366 1480 390 1519 tu
401 1489 425 1520 es
436 1473 473 1519 ille
481 1471 550 1519 Filius
562 1472 624 1532 Dei;
641 1481 699 1520 tues
763 1477 793 1519 13
809 1473 870 1520 Nam
881 1471 951 1537 propri
961 1483 1008 1522 erat
1017 1477 1097 1538 pascbs
1107 1475 1193 1525 Jndac-
1263 1507 1268 1512 -

237 1537 274 1584 ille
285 1537 337 1584 Rex
349 1535 426 1582 Israel.
728 1552 809 1584 orum:
828 1540 926 1585 ascendii
943 1540 1010 1602 igitur
1026 1539 1093 1588 Jesus
1104 1541 1191 1588 Hiero·

268 1603 298 1648 ⁵1
317 1601 443 1662 Respondit
461 1598 535 1654 Jesus,
557 1609 580 1646 et
599 1600 654 1646 dixit
671 1600 698 1656 ei,
729 1600 845 1662 solymam.

238 1664 299 1720 Quia
309 1665 353 1710 dixi
370 1665 414 1719 tilri,
427 1663 479 1710 Vidi
496 1671 519 1710 te
535 1665 575 1710 sub
586 1663 635 1719 ficu,
647 1680 696 1712 cre·
763 1669 793 1711 14
810 1664 842 1712 Et
850 1666 935 1712 invenit
943 1667 965 1713 in
975 1667 1057 1728 templo
1065 1669 1193 1715 venditores

236 1729 289 1776 disi
305 1731 388 1792 majora
399 1729 446 1775 istis
457 1728 548 1775 videbis.
728 1729 801 1781 bourn.
818 1735 842 1776 et
858 1731 940 1784 ovium,
957 1739 980 1777 et
996 1732 1152 1788 columbarum,
1170 1741 1193 1780 et

269 1797 301 1841 52
313 1793 433 1841 Praeterea
439 1793 529 1848 dixrtei,
539 1793 697 1846 Amenmmen,
728 1793 887 1840 nummularios
898 1795 1006 1842 sedentes.

150 1869 154 1874 ⁴
236 1858 286 1904 dico
302 1859 372 1913 vobis,
384 1858 421 1904 Ab
431 1859 475 1904 hoc
485 1864 585 1918 ternpore
598 1857 698 1904 videbitis
764 1861 793 1904 15
819 1856 932 1919 Factaque
948 1859 1037 1920 liagdlo
1053 1875 1066 1906 c
1080 1859 1193 1916 tuniculis,

236 1923 323 1970 eodum
334 1929 440 1984 apertum,
452 1929 475 1968 et
490 1922 582 1982 angelos
600 1919 645 1967 Dei
662 1937 698 1967 as·
728 1937 806 1967 omnes
817 1923 881 1984 ejecit
891 1939 905 1969 e
916 1924 1004 1984 templo,
1016 1931 1039 1970 et
1050 1939 1105 1970 oves
1114 1931 1137 1970 ei
1152 1926 1193 1970 bo-

236 1987 356 2033 cendentes
371 2001 398 2032 ac
409 1987 566 2032 descendentes
581 1999 646 2048 super
658 1984 697 2032 lt·
729 2001 783 2041 ves;
800 1993 823 2032 et
833 1987 1009 2048 argentariorum
1020 1988 1147 2034 nummulos
1158 1988 1188 2034 ei·

237 2049 289 2096 lium
301 2051 405 2096 hominis.
728 2047 790 2102 fudit,
803 2065 934 2111 mensasque
944 2051 1058 2098 subvertit

764 2117 794 2159 16
818 2113 850 2159 Et
870 2115 1021 2161 columbanum
1042 2115 1194 2162 venditoribus

406 2174 480 2224 CAP.
503 2174 538 2222 ll.
728 2177 790 2231 dixit,
802 2176 885 2224 Tollite
896 2179 1013 2226 bincists:
1032 2195 1061 2226 ue
1071 2179 1136 2226 facite
1151 2181 1193 2226 do·

304 2239 340 2287 11⁴:
356 2247 430 2288 autem
448 2243 513 2288 tertio
529 2242 618 2302 nuptiae
628 2239 699 2287 iactae
729 2256 790 2286 mum
803 2241 876 2288 Patris
887 2243 930 2288 mei
941 2242 1032 2288 domurn
1044 2244 1160 2290 mercatis.

319 2305 402 2352 suntin
413 2302 476 2352 Cani
484 2307 565 2365 oppido
575 2305 698 2352 Galilaeae:
764 2309 792 2352 17
809 2305 929 2352 Recordsti
940 2312 992 2353 sunt
1003 2315 1077 2353 autern
1088 2309 1136 2369 ejus
1146 2309 1192 2354 dis·

236 2369 475 2430 eratquemsterlesu
487 2369 544 2416 illics
729 2369 794 2430 cipuli
806 2371 911 2431 scriptum
920 2385 974 2426 esse,
984 2371 1194 2420 Zelusdomrlstuas

269 2433 403 2482 &Vocatus
418 2442 453 2480 est
469 2433 619 2480 nutemetiarn
631 2431 699 2482 Jesus
729 2433 802 2480 exedit
813 2448 855 2480 me.
899 2477 905 2483 .

237 2513 262 2545 se
274 2498 373 2560 discipuli
385 2499 432 2560 ejus
443 2498 470 2544 sd
481 2498 569 2559 nuptias
578 2497 635 2546 illas.
648 2487 655 2501 ’
763 2501 792 2542 18
809 2497 983 2559 Responderunt
993 2514 1048 2560 ergo
1065 2497 1152 2553 Judaei,
1169 2509 1193 2548 et

269 2566 286 2607 3
302 2561 335 2608 Et
345 2577 413 2622 quum
425 2561 540 2608 defecisset
555 2561 638 2615 vinum,
650 2575 698 2608 nra·
729 2561 832 2607 dlxerunt
853 2563 880 2616 ei,
904 2562 972 2616 Quod
989 2565 1077 2625 signum
1094 2565 1194 2612 ostendis

237 2632 272 2672 ter
289 2625 345 2673 Jesu
364 2625 419 2671 dixit
440 2626 468 2680 ei,
489 2625 574 2684 Vinum
594 2640 640 2672 non
659 2627 698 2672 ha·
729 2622 996 2686 nobisquddistsiacis?

237 2690 297 2736 bcnt.
764 2693 793 2737 19
813 2689 936 2752 Respondit
952 2689 1025 2746 Jesus,
1043 2699 1066 2738 et
1082 2691 1137 2737 dixit
1153 2692 1192 2747 eis,

269 2756 286 2798 4
300 2751 477 2805 DixiteiJesus,
485 2751 607 2805 Quidmibi
617 2759 698 2808 neum,
731 2752 847 2800 Destruite
857 2755 964 2815 templum
975 2756 1024 2810 boc,
1039 2762 1062 2802 et
1077 2756 1136 2802 intra
1151 2757 1193 2802 tsi·

236 2816 335 2862 mulier?
352 2816 450 2862 nondum
463 2817 523 2861 venit
533 2817 588 2862 hora
599 2831 655 2863 mea
729 2818 797 2863 duum
808 2819 908 2864 excitabo
919 2819 979 2864 illud.

268 2880 698 2942 5DicitejusmaterministdsQuod-
761 2886 793 2928 20
810 2881 1191 2944 DixeruntergoJudaei,Qundrn·
1213 2903 1216 2910 ·

237 2958 324 3006 cunque
334 2945 418 2992 dixerit
425 2945 494 2998 vobis,
506 2944 578 2990 facite.
729 2945 792 3007 ginta
799 2954 822 2992 et
830 2961 869 2991 sex
877 2947 1085 2994 annisaediiicatum
1092 2958 1126 2993 est
1133 2955 1189 2993 tem·

269 3015 284 3057 6
301 3010 374 3056 Erant
382 3016 457 3056 sutem
466 3009 494 3054 ibi
503 3009 599 3070 lapideae
608 3009 699 3069 hydriae
729 3010 789 3070 plum
801 3010 865 3064 istud,
882 3016 906 3055 et
916 3017 940 3056 tu
953 3011 1026 3057 triduo
1038 3011 1092 3058 illud
1107 3012 1187 3059 excita·

237 3089 276 3120 sex
291 3075 376 3136 positae
387 3071 698 3136 secunddmxpuriiicationem
728 3073 779 3120 bis?

237 3135 379 3194 ludaeorum,
396 3139 507 3199 capientes
528 3138 628 3200 singulae
649 3153 697 3184 arn-
761 3141 788 3182 tr
819 3137 852 3183 At
868 3137 904 3184 ille
920 3137 1050 3199 loquebatur
1065 3139 1093 3185 de
1108 3138 1191 3201 templo

237 3204 529 3264 phomsbinassutternns
653 3221 657 3230 ·
727 3202 877 3263 corporissui.

268 3269 282 3313 7
300 3267 364 3314 Dicit
374 3281 406 3314 ets
416 3265 489 3321 Jesus,
502 3265 596 3327 implete
604 3265 644 3311 iras
655 3266 697 3326 hy·
760 3270 791 3311 22
809 3265 930 3326 Postquam
945 3281 1000 3327 ergo
1017 3270 1134 3313 suscitatus
1149 3266 1191 3314 suit

237 3326 294 3376 driss
310 3328 373 3391 aqtri.
407 3329 559 3390 lnrpleverunt
575 3345 613 3375 eas
630 3330 698 3390 igitur
727 3344 756 3376 ex
767 3331 866 3383 mortuis,
879 3331 986 3376 recordati
997 3339 1049 3376 sunt
1061 3331 1109 3392 ejus
1125 3330 1191 3377 disci-

237 3395 344 3454 usquead
356 3408 474 3444 summum.
727 3394 772 3455 puli
782 3393 842 3454 quod
852 3395 895 3439 boc
911 3393 951 3440 sibi
967 3394 1064 3449 dixisset,
1080 3402 1104 3440 ct
1119 3395 1191 3442 credi-

269 3457 367 3504 8.Tunc
377 3459 429 3504 dicit
440 3457 479 3511 eis,
490 3456 586 3502 Hauritc
596 3469 662 3509 nunc,
675 3463 698 3503 et
727 3459 807 3504 derunt
824 3457 956 3518 Scripturas,
973 3465 996 3504 et
1013 3459 1108 3504 ammoni
1125 3474 1191 3520 quent

237 3521 315 3568 otieris
326 3522 480 3568 architriclino.
514 3521 696 3582 Obtuleruntlgi-
727 3521 795 3570 Jesus
805 3523 894 3568 dixerat

238 3597 282 3630 rur.
761 3589 792 3632 23
810 3586 885 3638 Quum
898 3596 971 3632 autem
983 3594 1042 3632 esset
1056 3585 1188 3647 Hierosoly·

271 3653 286 3694 9
304 3646 422 3706 Utsutern
438 3649 537 3710 gustavit
549 3648 697 3695 architriclino
727 3650 770 3696 mis
781 3649 803 3696 in
815 3651 901 3710 pascha,
919 3651 942 3696 iu
958 3651 1023 3704 sesto,
1038 3651 1102 3699 multi
1119 3651 1190 3697 credi·

238 3726 315 3771 squam
326 3713 386 3757 illam
397 3713 522 3772 quaefacta
537 3713 609 3759 fuerat
619 3713 697 3760 vinum
727 3714 807 3760 derunt
823 3715 843 3760 in
862 3729 943 3761 nornen
960 3717 1014 3777 ejus,
1030 3715 1190 3774 conspicientes

241 3776 359 3836 fuessent
367 3784 440 3822 sutem
448 3777 588 3833 undeesset3
605 3777 697 3826 aduri
727 3779 858 3838 signaquae
868 3779 952 3826 erlebat
