2720 4312
501 419 522 460 a
536 412 702 462 sersaoni
720 413 830 476 carni,
853 418 873 466 1.

248 523 275 564 'ra
295 519 413 581 inproprii
424 519 533 566 afficimini
545 523 568 566 tn
584 520 674 566 nomine
737 521 754 564 4
769 517 802 565 Et
812 533 880 579 quum
893 520 1017 580 apparuerit
1033 521 1070 568 tile
1088 519 1162 568 Paeto

217 581 308 640 Christi,
325 585 380 630 beati
392 585 460 638 estis,·
477 585 580 643 quoniam
597 591 621 630 et
637 583 674 629 iile
705 597 754 628 rum
769 583 876 643 princeps,
894 585 1030 644 reportabitis
1047 593 1166 632 amaranti·
1219 582 1222 586 ’

216 647 297 708 gloriae
308 655 330 694 et
342 648 377 693 itte
389 645 433 693 Dei
447 648 540 707 Spiritus
552 661 617 708 super
632 663 674 693 vos
705 661 756 692 nam
768 647 826 691 illam
838 647 922 706 gloriae
932 663 1045 694 coronam.
1224 705 1228 708 -

215 713 345 770 κηυὶεκίἱς
362 713 403 771 qui
414 712 472 770 quod
483 711 510 756 ad
521 711 570 758 illos
586 709 675 772 quidem
739 713 754 756 5
772 710 883 764 Similiter,
900 711 1008 772 juniores,
1026 712 1114 774 subjecti
1133 727 1168 756 es-

212 776 298 828 attinct‚
316 775 491 834 blasphematur;
513 775 572 835 quod
589 775 616 820 ad
635 790 675 820 vos
707 780 753 818 tote
775 774 902 828 senioribus,
930 782 953 820 et
974 791 1052 820 omnes
1073 775 1168 822 vicissim

213 846 294 890 autern,
306 837 448 898 glorificatur.
707 837 844 897 subjicimini.
878 837 1028 884 Submissione
1047 840 1113 885 animi
1133 855 1170 885 ea·

249 904 277 947 1⁵
295 901 409 948 Sedenim
420 917 486 947 nemo
502 901 601 947 vestrdm
618 901 676 947 malo
709 907 755 946 tote
766 901 825 946 intus
836 902 924 957 ornati3
941 917 992 947 nam
1011 901 1075 948 Deus
1092 918 1170 963 super·

215 963 322 1010 afficiatur
339 973 364 1011 ut
382 965 497 1018 homicida,
519 974 558 1011 aut
574 965 617 1019 sur,
638 972 677 1011 aut
707 965 741 1010 bis
755 964 842 1018 resistit,
859 966 972 1012 submissis
985 973 1058 1012 autem
1069 965 1106 1012 dat
1118 981 1171 1027 gra-

218 1027 333 1082 nameus,
353 1036 391 1074 aut
409 1028 528 1074 alienarum
548 1044 622 1075 rerum
641 1029 675 1074 in·
709 1028 769 1074 tiam.

219 1099 319 1153 spector:
741 1095 756 1137 6
774 1090 901 1138 submittite
908 1107 948 1137 vos
955 1091 1023 1153 igitur
1031 1091 1114 1154 potenti
1124 1107 1172 1140 ma·

251 1157 279 1202 16
297 1155 340 1201 Sed
349 1155 404 1201 sicut
415 1151 560 1208 Christianus,
572 1170 599 1202 ne
607 1155 676 1216 parie-
710 1154 747 1200 nui
759 1153 811 1208 Dei,
824 1163 900 1201 utros
911 1156 933 1201 in
945 1163 1043 1216 tempore
1054 1157 1158 1203 extollat:
1229 1206 1234 1221 p

216 1231 257 1275 pat,
287 1216 332 1265 imd
358 1217 467 1280 glorificet
493 1218 570 1266 Deum
593 1217 633 1266 bric
655 1219 677 1264 in
742 1214 995 1266 'IOmaicurd'vestrai
1011 1219 1033 1264 in
1049 1235 1100 1266 eum
1116 1235 1172 1267 coa·
1207 1226 1210 1230 ’

217 1292 283 1332 parte.
710 1279 786 1344 Jeetd3
803 1297 854 1328 nam
866 1282 896 1329 ilii
908 1298 961 1329 cum
971 1290 1006 1329 est
1016 1283 1044 1336 de
1054 1284 1123 1331 vobis.

250 1348 279 1392 17
296 1343 357 1392 Nam
368 1352 455 1405 tempus
465 1353 498 1392 est
509 1352 533 1391 ut
544 1344 631 1405 incipiat
639 1347 677 1406 ju·
742 1349 757 1390 8
775 1345 846 1392 Sobrii
857 1353 936 1400 estote,
944 1346 1051 1406 vigilate3
1070 1362 1121 1393 nam
1133 1347 1173 1393 ad·

217 1408 297 1454 dicium
308 1405 322 1455 d
332 1410 399 1454 domo
411 1408 456 1454 Dei
465 1425 472 1465 ;
489 1406 547 1468 qudd
556 1409 573 1453 si
583 1407 678 1469 primbm
710 1409 820 1455 versarint
829 1417 904 1456 vester
911 1410 1016 1464 diabolus,
1024 1421 1126 1470 tauquam
1139 1411 1173 1457 leo

217 1473 297 1532 incipit
308 1469 322 1517 d
333 1473 401 1525 nobis,
417 1473 466 1530 quia
477 1473 519 1518 erit
534 1471 584 1517 finis
600 1488 677 1518 eorum
710 1472 807 1532 mgieus,
829 1473 960 1526 obambulat,
980 1489 1087 1534 quaereus
1106 1489 1172 1535 qoem

216 1537 253 1594 qui
265 1551 309 1580 non
320 1542 398 1595 parent
409 1533 455 1580 Dei
467 1535 603 1596 evangelio?
709 1535 816 1582 devoret=

250 1602 279 1645 18
296 1599 334 1652 Et,
341 1600 437 1659 sijustus
443 1599 481 1643 vix
487 1602 592 1653 servatur,
599 1599 678 1661 impius
743 1604 758 1646 9
776 1597 819 1646 Cui
832 1600 925 1646 resistito
933 1599 989 1646 firmi
1001 1616 1041 1662 per
1048 1599 1120 1654 fidem,
1131 1601 1173 1646 sci·

218 1671 238 1710 et
249 1670 350 1723 peccator
362 1661 397 1707 ubi
407 1661 558 1722 comparebit?
709 1670 772 1709 entes
781 1664 869 1710 easdem
877 1665 1007 1712 afflictiones
1015 1661 1029 1710 d
1037 1661 1110 1710 vestri
1118 1680 1174 1726 quae

251 1730 280 1774 19
298 1724 375 1785 ltaque
386 1727 422 1785 qui
434 1727 497 1772 malis
509 1726 634 1773 afficiuntur
650 1741 679 1772 ex
709 1727 733 1772 in
744 1728 827 1773 mundo
838 1735 872 1774 est
883 1728 1019 1774 fraternitate
1032 1729 1124 1789 impleri.

232 1790 331 1836 oluntate
344 1790 395 1842 Dei,
413 1798 515 1850 tanquam
527 1789 584 1836 fideli
601 1791 678 1836 condi·
745 1794 775 1836 10
793 1789 912 1838 Caeterdm
925 1791 989 1837 Deus
1001 1793 1073 1838 omnis
1089 1792 1174 1854 gratiae

218 1855 258 1898 tori
273 1854 429 1900 commendent
444 1855 529 1900 animas
545 1869 595 1901 suas
610 1856 678 1900 bene·
711 1862 798 1908 auctor,
814 1855 851 1914 qui
868 1856 956 1901 vocavit
973 1871 1013 1901 vos
1024 1856 1051 1902 ad
1062 1864 1174 1902 aeternam

223 1913 322 1963 'aciendo
711 1933 773 1964 suam
784 1918 879 1979 gloriam
891 1920 914 1964 in
932 1917 1023 1966 Christo
1040 1918 1102 1973 Jesu,
1119 1935 1174 1982 pau·

711 1982 777 2042 lisper
794 1981 894 2037 afflictos,
913 1983 938 2036 is,
958 1984 1060 2042 inquom.
1077 1981 1174 2044 perficiat

390 2043 432 2091 CA
438 2045 463 2090 P.
482 2045 511 2091 V.
696 2060 759 2098 nos,
772 2045 871 2098 stabiliat,
884 2047 977 2099 roboret,
989 2047 1073 2092 fundet.

221 2107 493 2224 PRESBYTEROS
510 2109 547 2168 qui
566 2109 680 2155 intervos
746 2112 771 2153 11
793 2108 837 2170 Ipsi
855 2109 926 2171 gloria
942 2117 964 2156 et
982 2111 1046 2155 robur
1062 2111 1084 2156 in
1102 2110 1174 2158 secula

291 2179 348 2224 sunt,
366 2187 444 2231 precor
461 2188 505 2232 ego
524 2169 568 2218 und
586 2173 678 2233 presby·
712 2172 845 2218 seculorum.
879 2175 961 2220 Amen.

219 2244 257 2289 ter,
274 2236 377 2282 antestis
388 2235 530 2281 afflictionum
544 2234 633 2290 Christi,
645 2243 679 2282 at·
747 2240 775 2281 12
794 2235 838 2282 Per
851 2236 972 2296 Sylvanum
982 2236 1043 2282 vobis
1052 2235 1119 2283 tidum
1128 2237 1174 2282 ira-

218 2315 260 2360 que
276 2299 333 2345 idem
350 2299 434 2360 gloriae
451 2299 613 2360 patefaciendae
624 2315 679 2346 con·
712 2308 775 2353 trem,
786 2307 811 2345 ut
821 2301 930 2353 existimo,
947 2301 1022 2362 paceii
1033 2301 1117 2361 scripsi,
1134 2309 1172 2347 at·

218 2379 280 2418 sors;
712 2363 803 2409 hortans
818 2380 861 2417 vos,
879 2371 902 2410 et
918 2364 1038 2410 testificans
1054 2365 1110 2410 banc
1126 2381 1175 2411 esse

250 2431 265 2471 2
283 2425 370 2472 Pascite
388 2425 431 2472 Dei
451 2441 544 2488 gregem
557 2425 594 2486 qui
611 2441 678 2488 penes
711 2443 786 2473 reram
798 2431 891 2488 gratiam
905 2426 957 2481 Dei,
969 2430 991 2473 in
1003 2424 1047 2488 qut
1057 2429 1126 2474 statis.

220 2505 258 2535 cos
279 2499 319 2543 est,
342 2488 398 2535 iiiiui
420 2490 549 2550 inspectioni
569 2497 678 2544 vacantes,
746 2495 775 2536 1³
793 2491 1173 2552 SalutatvoseaquaeestinBaby-

219 2569 262 2598 non
274 2548 356 2606 coacti,
375 2553 412 2598 sed
424 2554 526 2609 libentem
547 2569 591 2600 non
608 2555 678 2614 turpi-
711 2554 762 2600 ione
770 2555 881 2600 vobiscum
889 2556 958 2602 electa
967 2557 1066 2608 coclerio,
1077 2563 1100 2601 et
1110 2555 1173 2601 Mar·

219 2627 251 2661 ter
268 2616 393 2662 affectantes
411 2617 502 2671 lucrum,
521 2617 560 2662 sed
576 2626 679 2679 prompto
710 2634 750 2663 cus
761 2617 818 2664 filius
829 2633 898 2664 meus.

220 2681 306 2726 animet
745 2685 774 2726 14
792 2681 889 2728 Salutate
900 2682 935 2727 alii
947 2683 1001 2728 alios
1012 2681 1123 2728 charitatis
1135 2697 1171 2728 nr·

249 2741 361 2801 ibisque
372 2750 396 2786 ut
407 2742 545 2788 dominantes
555 2741 626 2797 cleris,
641 2744 679 2789 red
711 2744 768 2790 culo.
807 2744 853 2790 Pax
866 2746 1172 2806 vobisomdibusquiesiisro

219 2808 289 2868 siqui
302 2805 489 2866 ddsexempbria
499 2806 582 2866 gregis.
712 2805 875 2855 Obristcdesu.
912 2810 991 2857 nmen.

369 3353 512 3412 PETRI
538 3353 776 3413 APOSTOLI
801 3351 1036 3416 EPISTOLrb

427 3477 702 3537 chHoLlcn
732 3478 965 3538 SECUNDA.

390 3634 464 3686 CAP.
482 3634 503 3683 l.
710 3637 827 3698 pretiosam
838 3634 904 3682 iidem
916 3637 1030 3682 nobiscum
1043 3638 1113 3683 sortiti
1124 3651 1172 3683 sunt

222 3697 348 3816 SIMON
363 3699 450 3753 Petrus,
467 3715 545 3746 servus
555 3707 577 3745 et
589 3707 677 3760 aposto-
710 3715 748 3760 per
755 3701 864 3762 justitiam
877 3700 922 3746 Dei
934 3703 1003 3746 nostri
1014 3709 1036 3747 et
1049 3701 1172 3748 Servat-orb

187 3813 193 3820 ,
282 3765 314 3809 tus
331 3761 387 3810 Jesu
404 3762 494 3863 Gippippi.
512 3763 538 3807 iis
555 3765 592 3822 qui
608 3759 678 3822 aequi
710 3762 767 3810 Jesu
780 3762 880 3814 Christi:
