2720 4312
535 388 586 436 AD
602 387 780 447 El’lsslSIOS.
799 387 844 438 Vl.

197 496 230 540 w
246 493 643 558 Grafiurgenraaemperdeom·
702 491 1138 563 3Utbeudtibidtetairlqmn

167 555 236 612 albus,
246 557 271 606 ln
282 561 381 607 nomine
393 558 490 606 Domini
505 557 575 606 nostri
585 557 642 607 Jesu
672 574 738 620 super
748 557 814 606 terri.

167 619 258 676 curisti,
271 622 330 670 Deo
341 631 367 672 et
378 623 460 680 Potri;
703 626 720 668 4
737 621 769 670 Et
779 639 823 678 vos.
834 631 914 686 patrea.
926 639 955 672 ne
975 631 1095 687 provocare
1111 625 1138 674 ad

198 689 226 732 21
246 686 403 749 Sulpjioientea
419 703 462 734 vos
478 685 514 733 dii
525 685 579 741 aliia.
590 701 641 732 erum
671 685 726 734 irum
736 687 817 734 liberos
827 698 921 742 vestros,
933 689 972 735 sed
987 690 1084 737 enutrite
1098 703 1139 737 eoa

168 747 246 796 timore
257 749 315 799 Dei.
671 749 695 796 in
705 748 806 797 doctrind
815 758 839 798 et
849 752 940 799 monitis
952 751 1053 800 Domini.

198 817 230 858 22
248 813 354 869 Uxores,
366 815 463 878 propriis
474 812 527 861 riris
543 813 643 875 subjicite
703 816 720 862 5
747 815 818 870 Serri.
839 816 962 865 sunulnte
977 816 1003 863 its
1019 816 1056 878 qui
1073 818 1140 866 urtrl

167 889 214 931 ror,
225 886 252 924 ut
264 877 391 926 Dominor
409 905 411 909 ,
671 877 755 924 domini
766 885 819 925 suot
836 877 959 926 secundini
975 895 1071 935 caman.
1087 894 1138 930 nm

199 944 231 987 23
249 941 372 997 Quoniam
383 943 419 989 vir
429 949 464 990 est
479 947 545 1004 caput
559 942 642 996 uxoris,
672 942 753 988 timore
771 957 798 989 so
813 949 917 996 tremore,
933 957 985 990 cunr
1001 944 1139 1007 simplicitate

167 1009 190 1080 nl
202 1011 226 1051 et
238 1003 349 1084 Christus
360 1013 396 1054 est
406 1014 473 1069 eaput
483 1006 601 1082 ecclesiae:
620 1011 644 1053 et
672 1005 745 1052 sordis
757 1006 831 1060 vestri,
843 1014 868 1052 ut
880 1003 984 1054 Christos

167 1081 186 1114 u
195 1075 233 1178 egl
241 1071 579 1196 (llliqnulgtlli'ulhricilerlldrleoe
590 1133 643 1178 sub·
672 1067 1095 1194 hogigffitdwngrlumxsfflffl
1102 1071 1138 1183 ll:

168 1194 219 1256 frete
231 1195 337 1253 Christo,
349 1199 381 1246 ita
394 1205 419 1246 et
433 1213 515 1245 uxores
531 1197 577 1244 suis
591 1198 644 1244 viris
673 1196 732 1242 serri
745 1195 836 1252 Christi,
847 1197 952 1245 iacientes
963 1212 992 1244 ex
1003 1197 1077 1246 animo
1086 1213 1139 1260 quas

168 1274 217 1306 sese
228 1262 368 1324 subjiciunto
376 1263 400 1309 in
411 1263 520 1310 omnibus.
674 1260 723 1306 rnlt
734 1259 814 1310 Deus:

200 1327 233 1372 2⁵
251 1325 315 1381 Viri,
327 1327 412 1388 dlligite
420 1341 502 1373 uxores
510 1331 601 1379 vestras,
613 1323 644 1371 ai·
706 1326 722 1371 7
740 1322 800 1372 Cum
810 1321 964 1372 benevoleutli
975 1325 1104 1382 terrieotor.
1120 1341 1137 1378 n

169 1395 207 1434 rut
225 1396 250 1436 et
270 1389 379 1438 Christus
393 1390 471 1437 dilexit
484 1389 606 1445 ecclesian,
621 1394 645 1436 et
675 1385 783 1442 Domino,
794 1397 818 1435 et
829 1403 874 1436 uon
885 1389 1025 1447 homininum

169 1454 320 1515 semetipsum
331 1455 435 1517 exposuit
444 1469 485 1515 pro
495 1451 539 1511 εἰς
706 1456 721 1498 8
739 1453 846 1508 scienter,
857 1453 959 1516 singulos
968 1453 1137 1516 quiequidfete·

202 1521 235 1564 26
255 1517 299 1566 Ut.
305 1535 354 1564 eam
363 1517 514 1573 sanctificaret,
526 1524 643 1579 postquam
673 1515 718 1563 rint
727 1517 786 1572 boni,
797 1519 840 1564 hoc
851 1525 1002 1580 reportaturos
1010 1534 1024 1566 a
1031 1517 1140 1574 Domino.

169 1595 221 1627 eant
232 1580 355 1646 purgisret
366 1584 454 1630 lsrecro
465 1597 534 1644 equae
544 1597 584 1644 per
592 1597 643 1627 rer·
673 1580 720 1628 sive
731 1597 808 1629 servus
818 1581 892 1637 suerit,
903 1583 951 1630 sira
960 1583 1021 1631 liber.

169 1643 240 1702 lrum3
374 1668 376 1671 ·
577 1669 580 1676 .
705 1650 721 1694 9
737 1644 770 1693 Et
778 1662 825 1700 vos,
833 1646 1007 1702 dominiadem
1015 1646 1140 1709 lsdteerge

204 1713 236 1757 27
257 1710 295 1758 Ut
307 1711 393 1757 sisteret
404 1725 453 1757 eam
465 1710 503 1756 sibi
514 1709 642 1773 gloriosam,
672 1708 728 1763 illos,
738 1710 923 1766 reurissismlnis3
938 1712 1140 1758 scientervestrdor

172 1773 197 1818 r'd
211 1783 253 1831 est,
270 1775 386 1822 eeclesiam
402 1790 447 1821 non
463 1775 580 1821 habentem
594 1788 643 1819 ma·
672 1773 738 1818 etiam
749 1773 848 1834 ipsorum
861 1773 985 1820 Dominum
996 1789 1046 1820 esse
1056 1775 1079 1819 in
1088 1790 1140 1820 coe·

171 1837 247 1884 erulam
259 1846 300 1889 aut
311 1855 396 1901 rugam,
408 1846 446 1885 aut
457 1839 572 1902 quicquam
584 1839 643 1898 eJ'us-
672 1835 708 1890 lis,
719 1851 760 1882 nec
771 1851 879 1898 personae
890 1843 1013 1898 respectum
1023 1851 1072 1884 ease
1082 1837 1140 1898 opud

172 1903 242 1958 modi,
255 1904 297 1950 sed
307 1912 332 1949 ut
342 1911 401 1950 esset
412 1909 488 1949 sancta
495 1910 518 1948 et
526 1901 643 1962 inculpata.
672 1915 735 1946 eum.

207 1969 240 2012 28
260 1965 297 2014 lta
317 1968 398 2014 debent
416 1967 458 2012 viri
480 1966 572 2028 diligere
592 1979 644 2010 suas
707 1966 738 2010 10
755 1962 823 2018 Quod
835 1962 942 2024 reliquum
953 1963 1139 2019 ertlratresmoi,

174 2043 259 2078 uxoreo
271 2039 296 2078 ut
306 2047 346 2078 sna
356 2031 455 2093 ipsorum
466 2045 565 2092 corporo
597 2028 644 2083 Qui
673 2027 845 2074 corroboramini
856 2027 879 2075 in
898 2027 1006 2083 Domino,
1022 2037 1046 2074 et
1062 2028 1138 2076 robore

174 2093 250 2156 diligit
260 2111 323 2142 suam
335 2110 436 2149 uxorem,
446 2094 542 2156 reipsum
554 2093 633 2154 diligit.
674 2091 754 2138 virium
765 2093 841 2152 ipsius.

208 2163 242 2207 29
259 2157 343 2206 Nullus
353 2160 413 2206 enim
425 2173 521 2219 unquam
536 2173 598 2204 suurn
609 2157 644 2218 ip-
707 2159 734 2202 ll
754 2154 844 2203 induite
855 2158 979 2203 universnm
990 2155 1049 2204 iilam
1066 2169 1139 2204 anne·

175 2235 222 2268 nus
233 2239 323 2271 earnem
334 2224 385 2270 odio
396 2222 487 2269 habuit:
506 2219 551 2268 ἰωὰ
562 2221 645 2267 enutrit
674 2225 746 2267 turam
759 2219 811 2273 Dei,
824 2228 847 2266 ut
858 2221 947 2282 possitis
958 2230 1017 2268 stare
1033 2218 1139 2270 adventia

175 2299 202 2331 ee
221 2285 285 2334 fovet
300 2303 356 2344 eam,
374 2288 431 2334 sicut
441 2294 464 2334 et
477 2285 590 2332 Dominus
606 2301 643 2332 ec·
673 2283 763 2330 insidias
773 2284 860 2330 diaboli.

175 2349 284 2398 etesium:
708 2351 738 2394 12
761 2347 874 2399 Quoniam
891 2360 936 2392 non
953 2358 987 2393 est
1004 2347 1066 2393 nobis
1081 2347 1140 2398 lucta

208 2419 243 2461 30
260 2415 372 2470 Quoniam
390 2415 489 2462 membro
506 2429 582 2460 sumus
592 2429 643 2459 eor-
673 2409 779 2458 sdvernls
800 2411 931 2472 sanguinem
948 2418 971 2457 et
987 2426 1084 2465 carnem,
1100 2413 1139 2461 red

177 2479 238 2540 poris
248 2481 302 2543 ejus,
313 2495 343 2527 ex
350 2496 417 2526 carne
426 2481 479 2542 ejus,
489 2488 511 2524 et
519 2493 548 2524 ex
558 2479 644 2524 ossibus
672 2471 779 2523 adversis
790 2475 886 2550 imperia.
898 2472 1004 2550 adversis
1012 2483 1139 2537 potestates,

177 2557 239 2654 ejulii
270 2606 392 2669 Propterea
413 2606 548 2667 derelinquet
575 2605 644 2651 homo
673 2536 868 2650 :gilirirlruilrlludll
878 2541 1139 2666 liiiilpetddgrsisi'rpli:

178 2681 263 2732 patrem
274 2687 346 2727 suurn,
357 2687 384 2718 ao
398 2679 499 2724 matrem,
510 2680 533 2716 et
544 2669 643 2730 aggluti·
673 2668 762 2714 rituales
773 2668 867 2715 malitias
877 2684 937 2730 quoe
946 2677 999 2716 suut
1011 2669 1034 2715 in
1045 2669 1139 2717 sublimi.

179 2736 265 2782 nahitur
275 2736 339 2782 uxori
351 2751 421 2792 suae3
437 2743 460 2782 et
471 2735 507 2796 qui
517 2735 560 2780 duo
569 2741 643 2788 eruut,
708 2736 737 2778 13
755 2731 876 2794 Propterea
891 2734 997 2780 resumite
1012 2733 1138 2781 universam

179 2798 233 2846 fient
243 2815 288 2846 una
298 2815 357 2846 caro.
672 2796 732 2843 illem
743 2806 876 2848 donaturam
888 2795 942 2854 Det
958 2806 983 2845 ut
998 2798 1088 2861 possitis
1104 2815 1139 2844 re·

210 2867 243 2910 ³2
259 2863 396 2924 Mysterinm
414 2862 457 2908 hoc
472 2866 578 2922 magnum
590 2869 640 2908 esta
673 2861 750 2907 sistere
766 2870 866 2923 tempore
881 2862 982 2917 adverso,
998 2869 1022 2909 et
1038 2863 1140 2909 omuibus

179 2927 257 2988 loquor
267 2941 342 2976 aurem
359 2927 387 2973 do
399 2925 489 2974 Christo
500 2933 523 2972 et
534 2926 561 2972 de
572 2925 643 2972 eoele-
672 2924 779 2972 conlectis
790 2934 856 2972 stare.

179 2989 217 3038 rii.
708 2992 737 3035 14
762 2991 824 3036 State
846 2989 920 3049 igitur,
942 2987 1022 3033 lumbis
1043 2989 1139 3034 cirrum·

210 3059 243 3102 3³
262 3053 342 3116 Itaque
363 3061 386 3102 et
407 3069 449 3100 vos
470 3053 558 3115 singuli,
581 3069 643 3100 snam
672 3051 751 3100 cinctis
762 3055 860 3104 veritate,
872 3059 895 3096 et
905 3051 976 3095 induti
987 3051 1077 3096 thorace
1087 3052 1139 3113 Jus-

177 3120 269 3181 qrriuque
284 3135 376 3165 uxorem
395 3118 426 3164 itn
441 3118 528 3180 diligito
544 3125 569 3164 ut
585 3118 643 3178 seip-
673 3115 747 3172 titiae;

178 3199 244 3241 rum;
262 3198 319 3229 uxor
330 3190 403 3229 autern
420 3183 493 3230 videto
505 3190 529 3229 ut
543 3197 643 3228 reveren·
707 3183 737 3226 15
755 3177 865 3226 Calceotis
876 3177 966 3240 pedibrra
975 3177 1140 3239 praeparatione

179 3255 215 3294 tur
226 3249 306 3294 virum.
672 3243 781 3305 evangelii
793 3242 867 3304 pacior

708 3311 737 3354 16
761 3305 856 3368 insuper
872 3312 985 3366 assumpto
1002 3311 1065 3351 scuto
1081 3303 1139 3362 lltlri,

340 3371 415 3422 CAP.
438 3371 483 3420 Vl.
672 3385 717 3432 quo
728 3371 816 3433 possitis
831 3370 906 3416 omnia
917 3369 992 3432 ‚ecula
1009 3368 1066 3415 Mali
1082 3369 1141 3419 illius

234 3435 339 3491 IBERL
358 3437 480 3484 auscultate
496 3437 520 3484 in
542 3435 644 3482 Domino
672 3435 744 3498 ignito
754 3437 891 3496 extinguere.

254 3502 381 3565 parentibus
392 3503 488 3558 vestris;
505 3501 528 3547 id
538 3501 598 3546 enirn
609 3507 644 3545 est
707 3502 736 3547 17
760 3499 853 3545 Galeam
869 3497 936 3544 etiam
953 3496 1028 3543 salutis
1045 3496 1140 3558 reeipite.

180 3568 273 3632 justum.
672 3570 696 3610 et
706 3563 804 3624 gladium
822 3562 923 3622 Spiritus,
940 3561 982 3607 hoo
999 3568 1033 3607 art
1049 3563 1140 3610 rerbrun

211 3634 227 3676 2
243 3629 340 3676 Honora
348 3640 432 3690 patrem
440 3639 502 3674 tuum
511 3634 534 3674 et
542 3634 643 3681 matrem,
674 3624 732 3673 Deir

178 3693 249 3757 (quod
270 3701 305 3740 est
323 3701 464 3755 paeceptum
480 3693 576 3754 primurn
593 3705 644 3736 euro
708 3693 737 3737 18
755 3687 823 3736 Omni
845 3703 910 3750 prere
931 3695 954 3735 et
976 3687 1138 3752 supplicetiona

178 3755 344 3821 mmet)
674 3761 789 3817 precanter
810 3752 871 3799 omni
893 3759 992 3816 tempore
1009 3769 1050 3815 per
1070 3754 1134 3815 Sput-
1225 3803 1227 3811 Ι

390 3821 435 3868 221
