2756 4320
545 403 710 460 JOANNES,
735 401 808 452 Xlll.

199 510 263 557 bolus
275 511 322 572 Jnrn
340 511 468 556 immisisset
486 507 509 556 lu
528 525 567 555 cor
584 508 663 563 ludas,
695 515 720 565 ut
731 507 848 569 impleatur
859 507 979 568 Scriptura,
992 507 1038 561 Qu
1049 509 1094 554 edit
1110 523 1155 555 mc*

200 576 246 624 ulii
257 575 361 628 Simonis,
374 572 500 628 lucutiotae,
521 582 545 619 ut
561 574 664 634 proderet
696 587 746 617 curn
769 585 855 633 panem,
878 573 968 618 sustulit
988 569 1105 618 adversdm
1122 587 1158 620 me

199 636 270 697 eum),
696 635 779 682 calcem
790 651 863 681 suum.

231 706 247 747 ὅ
267 701 344 747 Sciens
356 700 423 749 Jesus
436 699 526 746 Patrem
539 699 613 746 omnin
623 700 662 745 de·
731 702 760 746 19
776 699 827 747 Jam
837 715 897 745 nune
905 699 955 744 dico
964 700 1025 746 vobis
1032 699 1159 760 priusquam

200 765 257 812 disse
269 766 307 810 sibi
320 765 341 810 in
353 779 438 818 ritanus,
453 771 477 810 et
488 779 511 809 se
522 779 535 810 n
547 763 599 808 Deo
611 779 663 824 pro·
696 761 740 815 lint,
760 770 784 808 ut
796 778 864 823 quum
873 763 955 812 sactum
973 763 1046 818 fuerit,
1066 764 1159 810 credetis

198 829 270 881 diisse,
281 829 342 875 etad
354 827 430 874 Deum
441 828 506 879 abire,
696 841 794 872 meeum
805 842 861 872 esse.

230 898 248 938 4
265 893 342 953 Surgit
353 907 367 938 a
377 889 453 946 coeni,
467 899 490 937 et
501 890 591 951 deponit
599 890 663 951 pelli·
728 894 760 935 20
776 889 1069 945 Amen,emen,dicorolris.
1080 891 1160 945 Quen·

199 971 254 1012 um3
271 965 405 1016 acceptoque
413 955 489 1009 linteo,
500 955 623 1015 praecinxit
632 969 663 1000 se.
696 953 725 999 do
735 954 830 1015 aliquem
839 954 926 1009 misero,
946 955 1044 1014 quisquis
1055 971 1106 1001 eum
1123 971 1160 1001 re·

232 1021 247 1067 5
265 1020 355 1067 Deinde
373 1019 463 1065 immisit
478 1033 557 1079 aquam
576 1019 599 1064 in
616 1018 663 1079 pel-
695 1018 754 1078 cipit
766 1033 802 1064 me
814 1019 906 1079 recipit;
923 1020 960 1079 qui
972 1016 1159 1081 verdmerecipit,

198 1083 252 1138 aim,
263 1093 286 1130 et
296 1084 369 1144 coepit
379 1084 453 1130 lavare
463 1083 529 1144 pedes
545 1082 663 1143 discipulo·
696 1082 773 1142 recipit
783 1095 834 1128 eum
846 1083 883 1142 qui
895 1098 931 1128 me
943 1083 1009 1129 misit.

200 1161 255 1202 mm
278 1155 301 1194 ct
321 1155 438 1209 extergere
458 1147 527 1194 linteo
547 1162 592 1207 quo
617 1153 664 1193 erat
728 1149 755 1191 21
776 1145 853 1199 Quum
865 1147 919 1192 haec
927 1146 1018 1192 dixisset
1028 1145 1103 1196 Jesus.
1112 1153 1160 1192 tur·

199 1213 343 1275 praecinctus.
597 1209 601 1226 ’
694 1209 758 1255 betua
768 1217 802 1256 est
813 1210 888 1271 spiritu
897 1227 905 1266 ;
922 1218 944 1256 et
955 1217 1047 1268 testatus
1058 1218 1098 1264 eat.
1110 1210 1160 1256 dix·

232 1281 248 1323 6
264 1275 333 1322 Venit
342 1291 396 1336 ergo
405 1273 432 1321 ad
442 1274 555 1320 Simonem
564 1273 663 1328 Petrum,
694 1273 761 1333 itque,
774 1274 855 1328 Amen,
867 1290 938 1328 amen,
950 1275 999 1320 dico
1017 1275 1085 1328 vobis,
1103 1290 1160 1321 unus

200 1339 236 1400 qui
245 1340 300 1385 dixit
310 1340 337 1394 ei,
359 1339 464 1392 Domine,
485 1345 509 1384 tu
528 1339 581 1384 mihi
603 1338 664 1384 loves
693 1352 723 1383 ex
734 1338 796 1383 vobis
806 1338 883 1398 prodet
894 1353 937 1384 me.

199 1402 285 1466 pedes?
728 1405 759 1446 22
775 1401 958 1464 Discipuli'ergo
974 1402 1107 1463 aspiciebant
1125 1405 1161 1446 elli

232 1465 388 1527 'iRespondit
414 1463 489 1519 Jesus,
516 1471 539 1510 et
560 1465 615 1511 dixit
636 1465 663 1520 ei,
696 1465 793 1519 adalios,
804 1465 1020 1526 dubitantesdequo
1032 1466 1120 1512 diceret.

203 1530 272 1583 Quod
282 1546 326 1592 ego
336 1529 400 1583 facio,
410 1535 434 1574 tu
446 1528 518 1576 nescis
529 1544 595 1583 nunc,
607 1545 663 1590 cog·
729 1532 760 1574 25
772 1530 829 1575 Erat
836 1539 910 1576 autem
918 1531 1041 1590 quidumex
1048 1529 1160 1591 discipulis

202 1609 281 1640 nosces
291 1599 365 1640 autem
376 1599 460 1654 postea.
641 1647 642 1650 Ἰ
695 1590 752 1639 Jesu
771 1595 900 1640 recumbens
918 1594 941 1640 in
959 1593 1008 1640 sinu
1026 1594 1100 1655 ipsius,
1119 1596 1159 1640 ni·

233 1656 331 1703 eDicit
351 1657 373 1703 ei
392 1655 480 1710 Petrus,
503 1655 559 1702 Non
580 1655 664 1702 lavabis
695 1659 780 1703 mirum
789 1658 808 1703 is
818 1672 883 1717 quem
893 1658 997 1719 diligebat
1007 1657 1081 1705 Jesus.

200 1737 261 1768 meos
272 1721 339 1782 pedes
349 1721 372 1766 in
383 1727 504 1767 aetemuni.
538 1720 664 1781 Respondit
729 1725 760 1766 24
777 1719 854 1767 Innuit
864 1737 920 1782 ergo
930 1722 981 1768 'nuic
993 1721 1071 1768 Simon
1079 1718 1160 1768 Petms

200 1785 220 1832 el
232 1785 306 1840 Jesus,
318 1783 369 1831 Nisi
377 1784 453 1831 lavero
464 1791 493 1839 te,
510 1785 663 1832 nihilmccum
695 1792 721 1830 ut
744 1793 910 1846 percontaretur
930 1786 1030 1846 quisnam
1051 1793 1111 1831 esset
1132 1785 1160 1832 de

187 1862 190 1869 ·
200 1851 288 1896 babebis
298 1863 423 1896 commune.
695 1863 739 1908 quo
748 1849 837 1895 diceret.

233 1919 247 1962 9
265 1913 328 1960 Dicit
338 1914 359 1959 ei
372 1913 449 1959 Simon
459 1911 548 1966 Petrus,
557 1911 663 1966 Domine,
728 1917 758 1960 25
776 1911 818 1959 Ille
827 1910 880 1958 verri
890 1929 958 1973 quum
966 1912 1100 1960 incubuisset
1107 1929 1160 1974 pec·
1200 1911 1209 1926 ³

200 1991 245 2024 non
266 1975 337 2023 soliim
359 1977 426 2038 pedes
446 1992 515 2032 meos.
538 1977 577 2024 sed
597 1977 664 2022 etiam
695 1977 737 2022 tori
749 1976 810 2031 Jesu,
822 1977 875 2038 dicit
885 1978 912 2031 ei,
926 1977 1031 2029 Domine,
1048 1977 1098 2036 quis
1107 1975 1161 2022 est?
1242 1980 1249 1994 ’

200 2055 278 2086 manus
289 2048 311 2086 et
322 2050 394 2102 caput.
728 2045 759 2087 26
776 2041 906 2101 Respondet
917 2040 991 2094 Jesus,
1012 2039 1054 2086 lll'e
1072 2047 1107 2086 est
1124 2041 1161 2086 cui

235 2108 264 2150 10
282 2104 345 2150 Dicit
356 2105 375 2149 ei
387 2103 461 2158 Jesus,
474 2102 504 2149 Ei
512 2103 549 2165 qui
556 2104 616 2150 lotus
623 2111 663 2159 est,
695 2119 739 2166 ego
754 2105 868 2150 intinctam
888 2105 977 2150 ollulam
997 2103 1084 2150 dedero.
1129 2103 1161 2150 Et

200 2167 665 2229 ¹¹⁰⁶
687 2167 1161 2298 urit*

265 2248 295 2277 uu
414 2247 421 2278 s
544 2248 558 2279 u
721 2248 743 2278 so
774 2248 819 2278 uno
843 2249 853 2278 s
878 2248 948 2278 scano

199 2296 238 2342 aed
248 2311 293 2342 nou
304 2311 389 2344 omues
478 2321 481 2328 ·
728 2300 758 2344 27
776 2296 809 2344 Et
819 2305 869 2357 post
878 2305 992 2356 sumptum
1003 2295 1099 2350 offulam,
1108 2302 1162 2342 tune

234 2364 260 2406 ll
280 2357 354 2408 Nilne
364 2360 423 2407 enim
435 2375 486 2408 eum
497 2375 511 2407 a
526 2376 570 2421 quo
585 2361 664 2422 prode·
694 2360 808 2422 ingressus
818 2367 853 2406 est
863 2361 886 2406 in
895 2360 956 2406 illum
966 2360 1064 2407 Satanas.
1098 2359 1162 2406 Dicit

201 2425 277 2471 batur:
297 2432 414 2487 propterea
429 2425 492 2480 dixit,
512 2425 568 2471 Non
587 2440 665 2472 omnes
696 2424 765 2486 igitur
775 2425 795 2470 ei
807 2424 881 2479 Jesus,
900 2423 967 2478 Quod
979 2423 1039 2477 sucis,
1057 2438 1111 2469 mox
1126 2423 1162 2470 t'a·

200 2489 254 2535 estis
265 2490 350 2536 mundi.
696 2489 748 2536 cito.

204 2577 206 2599 :
235 2557 264 2598 12
281 2552 404 2613 Postquam
421 2569 476 2614 ergo
492 2552 582 2599 lavisset
598 2553 665 2613 pedes
729 2557 759 2598 28
778 2552 832 2598 Hoc
849 2559 923 2598 autem
942 2568 1009 2598 nemo
1027 2552 1160 2598 occumben-

199 2631 283 2670 oorum,
304 2624 327 2662 et
345 2617 435 2677 pallium
454 2631 518 2662 suurn
539 2617 664 2675 recepisset,
695 2615 751 2662 tium
759 2616 894 2678 intelligebat
905 2632 1010 2677 quorsum
1022 2616 1042 2662 ei
1051 2616 1149 2662 dixisset.

200 2695 286 2725 rursum
298 2680 412 2733 discubuit,
425 2686 448 2725 et
458 2680 515 2726 dixit
521 2680 559 2733 eis,
573 2677 664 2726 Ntiatis·
728 2685 759 2728 29
777 2680 874 2734 Quidam
896 2681 956 2726 enim
976 2680 1088 2742 putabunt,
1110 2679 1161 2740 quie

200 2758 228 2789 ne
236 2743 289 2802 quid
296 2742 386 2788 fecerim
397 2742 479 2788 vobis?
695 2745 830 2805 marsupium
846 2745 938 2790 habebat
953 2743 1031 2798 Judas,
1042 2742 1122 2791 Jesum
1140 2743 1160 2789 ei

234 2811 264 2852 13
280 2806 330 2852 Vos
337 2821 373 2852 rne
380 2813 492 2861 vocantes,
501 2808 585 2859 dicitis,
595 2805 664 2852 Prae·
695 2807 783 2862 dixisse,
795 2808 855 2854 Eme
865 2808 943 2868 quibus
954 2823 1010 2868 opus
1020 2815 1055 2854 est
1063 2808 1126 2854 nobis
1133 2807 1162 2854 ad

200 2878 275 2932 ceptor
287 2885 313 2916 sc
325 2869 441 2928 Domine;
458 2877 482 2916 et
498 2866 558 2916 recte
574 2871 662 2917 dicitis:
694 2872 793 2918 festum:
813 2879 851 2918 aut
861 2873 939 2932 egenis
950 2880 976 2917 ut
984 2871 1066 2932 siquid
1076 2872 1144 2918 deret.

145 2966 148 2974 -
201 2949 249 2981 sum
261 2935 327 2980 enim.
727 2940 760 2983 50
777 2934 819 2981 Ille
830 2936 903 2997 igitur,
922 2934 1011 2996 accepti
1022 2932 1096 2990 offitii,
1114 2943 1159 2982 sta·
1216 2941 1220 2950 ‘

234 3002 264 3044 14
281 2996 359 3060 Itaque
369 2997 388 3044 ai
399 3013 443 3060 ego
454 2997 497 3046 leri
504 2999 570 3060 pedes
580 3005 665 3045 ceruos
696 3000 735 3046 tim
746 3000 830 3045 exivit:
849 3006 897 3045 erat
907 3008 981 3046 sutem
993 3013 1046 3046 nox.

202 3061 315 3110 Dominus
325 3070 349 3109 et
364 3071 499 3124 praeceptor,
517 3079 558 3109 vos
577 3079 665 3124 quoque
727 3067 756 3110 51
776 3063 855 3118 Quum
866 3079 921 3124 ergo
932 3064 1044 3116 exivisset,
1055 3062 1108 3108 dicit
1119 3062 1160 3111 Je-

200 3128 282 3174 dcbetis
293 3128 328 3174 elii
338 3127 430 3174 sliomm
442 3128 509 3188 pedes
519 3127 600 3174 lucare.
695 3143 740 3182 sua,
753 3127 822 3174 Nune
832 3127 968 3188 glorificatus
979 3137 1014 3172 est
1034 3127 1103 3173 Filius
1120 3128 1160 3173 bo-

234 3195 263 3239 15
281 3191 416 3252 Exemplum
427 3192 486 3237 enim
498 3191 585 3252 praebui
594 3190 663 3246 vobis,
695 3192 767 3245 minis,
778 3199 801 3237 et
811 3191 877 3237 Deus
887 3190 1023 3251 glorificatus
1030 3191 1053 3236 in
1061 3205 1096 3236 eo.

200 3262 224 3301 ut
240 3262 305 3316 prout
322 3271 365 3317 ego
380 3255 424 3301 feci
441 3256 510 3309 vobis,
529 3257 563 3302 ita
580 3262 604 3301 ct
624 3271 665 3301 vos
727 3259 759 3301 52
778 3253 868 3308 Quodsi
880 3255 944 3300 Deus
954 3253 1090 3314 glorificatus
1097 3261 1131 3299 est
1138 3267 1160 3302 ta

200 3317 289 3366 rasistis
694 3335 728 3372 eo,
742 3319 806 3365 Deus
817 3334 905 3378 quoque
920 3317 1051 3378 glorificabit
1068 3333 1119 3363 eum
1139 3336 1162 3364 ru

235 3386 265 3429 16
281 3383 364 3437 Amen,
375 3398 447 3435 amen,
459 3383 508 3428 dico
520 3383 588 3434 vobis,
610 3381 663 3432 Ser,-
696 3398 750 3436 sese,
762 3389 785 3428 et
793 3383 868 3428 statim
879 3381 1011 3443 glorificabit
1022 3395 1081 3427 eum.

203 3462 242 3493 rus
254 3462 299 3492 non
310 3455 345 3493 est
356 3449 426 3507 major
436 3446 526 3493 domino
535 3461 582 3498 suo,
592 3459 664 3504 neque
727 3450 759 3491 53
777 3445 856 3499 lilioli,
869 3447 940 3492 adhuc
958 3445 1068 3506 paulisper
1085 3447 1149 3490 vobis

206 3518 287 3571 egatus
298 3511 369 3572 major
379 3527 406 3556 eo
418 3525 486 3570 aquo
498 3510 578 3554 missus
588 3517 630 3554 est.
695 3525 746 3554 cuni
758 3523 815 3555 aum.
849 3509 968 3563 Quaeretis
979 3523 1030 3556 me:
1050 3509 1088 3554 sed
1105 3519 1161 3555 sicut

234 3577 262 3620 17
280 3573 305 3620 Si
316 3575 370 3621 haec
381 3575 493 3628 noveritis,
504 3573 561 3619 beati
572 3572 632 3618 eritis
644 3572 663 3617 si
695 3573 740 3618 dixi
752 3572 850 3625 ludaeis,
863 3571 917 3625 Qud
928 3589 972 3634 ego
984 3572 1050 3626 vado,
1061 3587 1104 3618 vos
1115 3587 1161 3620 noa

201 3635 336 3682 saseceritis.
694 3637 787 3696 potestis
805 3637 898 3694 venire3
916 3639 949 3683 ita
971 3644 995 3682 et
1014 3636 1077 3683 uobis
1100 3651 1161 3682 uuis·

234 3703 263 3745 18
281 3699 335 3745 Non
346 3699 374 3747 de
385 3701 486 3747 omnibus
497 3699 559 3746 vobis
569 3699 659 3759 loquor:
694 3701 752 3747 dico.

201 3777 243 3825 eqo
255 3769 364 3823 x’toquos
381 3765 502 3824 elegerimr
522 3763 560 3810 sed
576 3769 662 3822 oportet
726 3767 757 3810 ³4
776 3762 908 3810 Mandutum
921 3779 1004 3810 novum
1013 3763 1115 3810 dniobra.
1130 3762 1159 3810 Ut
