2756 4320
531 393 636 444 scra
666 394 766 444 xxnn
817 455 820 468 ,

193 505 222 550 ts
243 500 275 548 Et
284 502 384 548 sinerem
392 479 447 546 cuni
454 500 564 546 dicentem
572 499 632 553 miti,
662 501 777 564 primarios
788 503 912 551 sacerdotes
922 521 1002 562 ventre,
1010 513 1127 570 totumque

164 565 261 620 destina,
285 572 309 611 et
331 566 368 611 exi
391 561 437 610 citd
462 563 633 621 Hierosolymis,
663 565 760 626 ipsorum
781 581 927 616 consessum:
954 586 980 616 ac
1007 571 1125 620 deductu

162 631 268 690 quoniam
287 644 333 674 non
355 629 464 690 recipient
483 627 633 674 testimonium
665 629 758 676 Paulum
770 632 846 678 statuit
856 647 930 679 coram
941 635 981 681 eis.

166 701 228 804 'ming
239 693 399 816 dbeltngodixi,
414 755 521 808 Domine,
539 733 633 816 ipsilsci·
791 756 866 806 CAP.
891 759 991 808 XXIII.

168 830 207 868 unt
225 837 262 866 me
281 822 417 880 pertraxisse
435 819 457 864 in
476 833 593 871 carcerem,
612 828 635 864 et
703 820 853 868 NTENTIS
869 831 942 870 autem
958 829 981 872 in
998 841 1126 874 consessura

167 885 294 932 verberibus
308 883 407 929 affecisse
424 898 464 943 per
480 882 579 942 singulas
595 897 633 942 sy·
732 887 808 938 oculis,
826 886 908 934 Paulus
924 889 961 942 ait,
975 889 1023 936 Viri
1040 889 1125 946 iratres,

168 964 269 1012 anagogas
279 963 320 994 eos
330 947 367 1008 qui
379 947 496 992 credebant
507 947 529 992 iu
542 955 571 992 te·
662 963 706 1009 ego
717 950 776 994 omni
791 949 926 996 conscientiis
941 951 1000 1000 boni
1015 967 1051 1000 me
1066 955 1126 1016 gasl'
1195 939 1198 957 Ι

201 1017 233 1058 20
251 1012 282 1058 Et
294 1027 363 1072 quum
379 1010 529 1056 effunderetur
545 1009 636 1070 mugitis
663 1013 721 1072 apud
733 1011 809 1058 Deum
821 1014 849 1058 ad
860 1015 919 1060 huuc
930 1031 999 1076 usque
1010 1017 1075 1064 dieta.

170 1076 277 1137 Stephani
300 1075 404 1134 martyria
423 1074 462 1127 tui,
485 1089 532 1134 ego.
547 1089 635 1133 quoque
695 1080 710 1119 2
728 1076 828 1122 Ananias
844 1085 918 1124 autem
936 1079 1037 1140 pontifex
1055 1082 1126 1128 mui-

170 1141 290 1191 edstcbm,
302 1148 325 1184 et
336 1135 380 1184 und
390 1137 523 1184 assentiebar
532 1136 635 1182 interiec-
663 1153 713 1184 mus
724 1140 839 1199 imperant
850 1141 877 1186 iis
890 1157 926 1200 qur
943 1143 996 1204 ipsis
1006 1143 1126 1200 adstabant,

171 1204 225 1250 tioni
247 1204 323 1264 ipsius,
350 1209 372 1248 et
400 1201 549 1247 custodiebam
570 1201 637 1262 pallia
664 1209 686 1246 ut
699 1218 724 1247 os
734 1205 782 1263 ejus
793 1204 916 1252 caederent.

171 1282 248 1313 eorum
260 1266 297 1326 qui
308 1265 467 1312 interficiebant
482 1280 541 1310 eunt.
695 1270 711 1310 5
728 1266 788 1312 Tum
807 1267 889 1314 Paulus
906 1269 961 1316 dixit
976 1269 1003 1322 el,
1019 1269 1126 1320 Futurum

204 1334 233 1375 21
253 1329 470 1381 Tumisdixitmihi,
483 1328 636 1374 Proficiscere:
662 1339 697 1375 est
714 1339 737 1376 ut
753 1332 861 1390 percutiat
878 1339 900 1379 te
918 1333 988 1386 Deus,
1000 1336 1071 1396 paries
1087 1337 1124 1384 de

172 1409 224 1440 narn
238 1410 284 1455 ego
300 1401 323 1440 te
338 1393 416 1455 procul
431 1393 459 1438 ad
474 1400 554 1454 gentes
570 1394 636 1438 emit·
652 1393 750 1439 altato:
770 1403 792 1440 et
804 1405 828 1440 tu
844 1397 907 1443 sedet
918 1399 1022 1458 judicans
1038 1414 1075 1446 nre
1090 1416 1125 1448 se·

172 1466 225 1506 tam·
662 1456 758 1502 cundtim
778 1459 858 1520 legem,
878 1469 901 1507 et
922 1463 995 1524 legem
1013 1473 1125 1526 transgre-

204 1525 270 1583 221
291 1521 418 1567 Audiebant
439 1528 514 1566 autem
536 1536 587 1566 eum
610 1521 636 1565 nd
663 1521 724 1566 diens
730 1523 796 1582 jubes
807 1539 842 1568 me
853 1525 934 1571 caedi?

172 1587 454 1646 iuncusquesermouem:
474 1583 637 1630 tumcertisus·
694 1593 710 1630 4
731 1585 791 1632 Tum
813 1589 849 1647 qni
876 1590 990 1636 adstabant
1016 1593 1126 1648 dixerunt,

173 1649 272 1696 tulerunt
282 1664 360 1695 vocem
372 1664 441 1702 auam,
454 1649 558 1702 dicentes,
572 1647 638 1694 Tolle
664 1647 766 1695 Pontifici
780 1651 824 1697 Dei
836 1654 933 1699 maximo
944 1655 1093 1704 conviciaris?

172 1710 251 1760 eterrd
256 1715 369 1759 domium
375 1713 512 1758 istiusmodi:
526 1714 637 1758 nonenim
695 1719 709 1758 5
728 1713 793 1760 Dixit
804 1723 877 1761 autern
887 1716 975 1770 Paulus,
986 1717 1125 1773 Nesciebatn,

172 1777 435 1824 conveniteumvivere.
661 1774 747 1830 iratres,
769 1778 895 1837 pontificem
916 1795 965 1825 esse
986 1782 1123 1830 manimumt

205 1845 238 1886 23
256 1839 408 1888 clamantibus
419 1846 493 1886 autern
504 1839 543 1894 eia,
555 1846 637 1900 etprn-
663 1841 768 1901 scripturn
779 1849 813 1886 est
824 1842 890 1896 enim,
903 1841 1001 1903 Principi
1013 1846 1086 1905 populi
1095 1848 1124 1890 tut

172 1904 297 1952 iicientibua
307 1905 378 1965 pallia,
395 1912 418 1950 et
428 1904 543 1966 pulverem
549 1905 626 1966 jectan
662 1921 709 1955 non
721 1905 844 1950 maledicet.

173 1969 231 2015 tibus
242 1969 266 2014 in
277 1969 358 2014 aerem.
695 1973 711 2014 6
728 1968 805 2021 Quum
814 1963 867 2014 verti
879 1966 954 2015 ndsaet
966 1967 1049 2016 Paulus
1061 1985 1126 2017 unam

206 2036 239 2077 24
255 2031 327 2080 Jusait
348 2031 449 2078 tribunus
470 2047 522 2078 eum
543 2032 594 2077 duci
613 2032 631 2084 ,it
662 2028 751 2092 quide'tn
771 2040 855 2094 partem
872 2048 922 2079 ease
938 2033 1125 2089 Sadducaeorum,

173 2104 253 2150 castra,
265 2095 363 2156 dixitque
374 2104 399 2142 ut
414 2097 437 2141 in
449 2111 499 2142 eum
516 2095 593 2156 flagris
606 2095 627 2138 in
662 2095 753 2142 aiteram
764 2094 818 2143 terti
836 2096 1011 2152 Pharisaeorum,
1023 2098 1123 2145 clamavit

173 2161 313 2220 quireretur:
333 2167 358 2205 ut
369 2160 459 2206 resciret
469 2175 535 2220 quant
547 2159 576 2205 ob
587 2173 628 2203 cau
663 2159 685 2204 in
697 2175 808 2214 consessu,
821 2161 871 2207 Viri
887 2161 972 2215 fratrea,
984 2177 1028 2223 ego
1046 2162 1124 2210 Phari-

173 2239 221 2270 aam
234 2223 265 2269 sic
274 2224 395 2270 clamarent
405 2221 510 2270 adversis
521 2239 580 2270 eum.
661 2237 727 2270 meua
737 2240 793 2277 aum,
805 2224 862 2270 iilius
875 2223 1001 2272 Pharisaei:
1021 2226 1048 2272 de
1059 2235 1123 2286 spect

206 2290 238 2333 25
256 2287 333 2340 Quum
345 2295 419 2333 nutem
436 2303 487 2332 eunt
501 2287 638 2333 distendisset
663 2288 823 2334 resurrectione
834 2295 972 2333 mortuorum
984 2303 1028 2349 ego
1035 2290 1057 2334 in
1064 2291 1125 2349 judi·

173 2351 228 2396 ioris
239 2353 386 2404 caedendum,
404 2351 459 2396 dixit
475 2352 568 2396 adstanti
586 2367 638 2396 cen-
662 2351 722 2398 cium
734 2367 808 2396 tocor.

173 2415 257 2460 turioni
272 2413 361 2465 Paulus.
379 2413 443 2460 Num
460 2415 571 2460 hominem
590 2414 651 2470 tto„
696 2416 710 2460 7
729 2414 805 2467 Quum
817 2421 890 2460 autern
899 2415 941 2460 hoc
949 2422 1007 2459 esset
1016 2414 1125 2474 loquutus,

173 2493 272 2532 manum,
290 2485 314 2524 et
335 2479 486 2524 indemnatum
505 2479 558 2524 licet
578 2479 638 2522 vobis
663 2485 713 2524 orta
727 2486 762 2524 est
780 2479 858 2524 seditio
877 2478 935 2524 inter
955 2476 1085 2524 Pharisaeos
1101 2493 1126 2524 tc

174 2541 307 2602 flagellare?
664 2541 804 2588 Sadducaeos
813 2559 820 2597 3
837 2548 860 2588 et
871 2542 939 2588 scissa
948 2549 983 2588 est
994 2542 1117 2588 multitudo.

206 2609 239 2651 26
256 2607 309 2652 Hoc
320 2612 394 2652 autem
402 2620 470 2666 quum
479 2605 575 2652 audisset
587 2622 638 2651 cen·
697 2609 711 2651 8
729 2605 788 2651 Num
806 2606 926 2652 Sadducaei
945 2601 1034 2666 quidem
1051 2607 1124 2653 dicunt

174 2669 240 2722 turio,
260 2669 312 2715 adiit
329 2670 448 2722 tribunum,
463 2672 541 2716 ethos
552 2685 637 2715 annun-
663 2684 709 2718 uon
720 2685 768 2716 esse
784 2672 985 2724 ressurrectionem,
998 2685 1068 2730 neque
1084 2687 1124 2716 nn·

174 2733 242 2778 cievit
260 2733 287 2786 ei,
304 2734 386 2786 dicens,
399 2732 458 2779 Vide
474 2734 527 2793 quid
542 2731 635 2780 facturn:
663 2733 745 2794 gelmn,
755 2751 825 2795 neque
834 2735 948 2796 spiritum
966 2734 1076 2782 Pharisaei
1085 2751 1124 2781 au·

174 2797 222 2851 sis;
240 2797 307 2842 botno
318 2797 377 2842 enim
389 2796 431 2842 iste
442 2796 558 2842 Romanus
570 2807 611 2842 est.
663 2807 709 2844 tem
721 2807 837 2859 utrumque
847 2799 987 2846 confitentur.

208 2863 239 2905 27
256 2859 374 2906 decedens
382 2867 455 2906 autem
467 2862 573 2914 tribunus,
586 2862 638 2906 dixit
697 2867 712 2908 9
729 2863 797 2908 Ortus
808 2871 842 2908 est
849 2862 918 2923 igitur
928 2863 1011 2908 clamor
1020 2875 1124 2922 magnus¹

174 2923 202 2976 ei,
216 2921 262 2969 Dic
280 2925 340 2978 mihi,
358 2939 412 2969 uum
430 2931 453 2970 tu
471 2924 588 2970 Romanus
599 2926 636 2969 cs':
663 2932 768 2984 etquum
776 2927 923 2972 surrexissent
932 2926 1124 2984 scribaeexparti-

176 2986 210 3032 At
220 2987 257 3032 ille
267 2987 328 3042 dixit,
341 2987 424 3034 Etiam.
664 2988 705 3034 bus
724 2989 898 3041 Pharisaeorum,
914 2988 1075 3046 depugnabant,
1093 2987 1125 3032 dl·

208 3054 240 3096 28
264 3049 297 3097 Et
318 3051 432 3112 respondit
458 3052 564 3104 tribunus,
587 3051 640 3111 Ego
664 3059 746 3103 centes,
764 3051 827 3096 Nihil
843 3050 894 3095 maii
912 3049 1037 3094 invertimus
1051 3049 1125 3093 inho·

176 3111 246 3160 multia
257 3112 462 3160 summtcivitttern
474 3116 537 3160 istam
545 3116 638 3174 acquisi-
664 3116 725 3160 mine
735 3115 794 3159 isto:
812 3109 871 3172 qudd
886 3112 904 3157 si
921 3111 1009 3171 spiritus
1023 3110 1127 3170 loquutus

176 3179 206 3223 vi.
240 3176 324 3224 Paulus
335 3185 408 3224 autem
420 3179 457 3232 ait,
469 3178 523 3240 Ego
535 3175 587 3224 verti
599 3180 638 3224 eti·
664 3185 700 3224 est
718 3178 744 3229 ei,
764 3191 803 3222 seu
822 3175 920 3236 angelus,
936 3188 965 3222 ne
979 3188 1126 3234 repugnemus

178 3255 211 3286 em
224 3249 289 3287 natus
300 3257 349 3286 sum
360 3243 423 3288 civis.
666 3239 727 3286 Deo.

209 3309 240 3351 29
257 3305 337 3352 Statim
357 3305 425 3366 igitur
446 3305 598 3352 abscesserunt
615 3307 641 3350 ab
700 3307 731 3349 10
747 3298 834 3362 Magni
852 3309 926 3347 autern
945 3296 994 3346 orti
1015 3298 1127 3354 seditione,

177 3383 204 3412 eo
215 3368 251 3427 qui
263 3375 327 3414 erant
342 3369 366 3413 itt
377 3383 428 3413 eum
444 3368 583 3429 inquisituri:
604 3371 640 3414 sed
666 3369 749 3414 veritus
768 3367 873 3418 tribunus,
889 3380 918 3410 tte
936 3363 1019 3410 Paulus
1035 3363 1062 3410 ab
1077 3363 1128 3423 ipsis

177 3444 200 3476 et
219 3432 320 3477 tribunus
341 3446 429 3491 quoque
447 3432 527 3486 timuit,
550 3445 640 3492 cognito
666 3432 830 3491 discerperetur,
842 3429 911 3490 jussit
927 3427 1020 3472 militum
1038 3441 1128 3473 manum

179 3509 228 3538 eum
249 3493 377 3541 Romanurn
397 3510 452 3550 esse,
471 3496 575 3554 quoniam
590 3511 632 3540 eun
667 3495 804 3547 descendere,
824 3500 846 3537 et
865 3506 916 3537 eum
936 3504 1011 3550 rapere
1029 3491 1128 3538 emedio

181 3557 285 3602 tinxerat.
667 3559 771 3620 ipsorum,
783 3572 808 3600 ac
820 3556 899 3600 ducere
910 3555 932 3597 in
945 3561 1022 3598 castra.

209 3621 243 3666 30
259 3617 461 3680 {Postridievert
470 3621 640 3668 volenacertum
702 3624 728 3665 11
748 3622 763 3678 1
775 3619 884 3677 Sequente
891 3613 944 3662 verti
951 3627 1016 3662 nocte
1024 3633 1126 3679 superve-

180 3682 241 3733 seire,
255 3698 334 3746 nempe
350 3687 412 3747 cnjus
428 3699 463 3731 ret
479 3691 619 3732 accusaretur
630 3703 640 3724 r·
669 3685 732 3730 niens
754 3682 774 3726 ei
799 3681 918 3733 Dominus,
942 3679 1004 3734 dixit,
1028 3679 1128 3730 conlido.
1155 3725 1158 3732 ,

184 3743 276 3797 ttrdaeia.
293 3748 358 3795 solvit
375 3762 450 3795 eume
463 3749 562 3793 vinculis.
576 3749 639 3805 jun-c
674 3746 755 3800 i'aule3
776 3757 797 3790 tt
812 3747 871 3790 enim
888 3751 1014 3790 constanter
1024 3743 1121 3793 nauto.
