2734 4314
551 373 703 430 MARCUS,
727 375 797 423 XIV.

221 487 253 530 30
271 460 345 530 Amen
362 483 411 530 dico
429 484 502 536 vobis,
520 497 663 542 nequaquam
728 481 826 530 8llaec
843 485 902 544 quod
915 485 987 546 potuit
1003 483 1071 532 lecit:
1090 503 1149 534 ocor

196 548 323 596 traeterierit
330 549 385 593 baec
393 555 461 602 aetas,
469 547 600 608 usquedum
607 545 664 594 tacu
694 548 756 608 parit
770 549 828 594 enim
845 558 929 610 ungere
944 562 1018 595 mauro
1036 566 1116 612 corpus
1131 555 1155 594 ar*

195 618 242 656 sunt
251 612 305 657 baec
318 612 400 657 omnia.
695 610 864 658 funerationem.

223 679 251 720 ³1
271 673 367 722 Coelum
383 681 406 722 et
422 681 483 721 terra
499 674 664 736 praeterrbunt3
728 680 743 722 9
770 675 845 722 Amen
872 675 921 721 dico
942 677 1012 730 vobis,
1035 677 1156 738 ubicunqne

195 753 304 784 sennoues
313 746 387 784 autem
396 739 440 784 mei
448 753 591 800 nequaquam
598 753 661 799 prae-
695 739 843 798 praedicatum
853 739 920 786 suerit
929 740 1070 802 evangelium
1081 742 1124 788 boc
1134 743 1157 788 in

195 803 294 848 teribunt.
538 861 540 864 Ι
694 808 743 848 toto
753 803 843 857 mundo,
860 803 926 848 etiarn
943 803 965 849 id
980 805 1096 864 quod‘ista
1106 805 1157 852 iecit

224 870 255 911 ³2
273 865 318 912 Sed
331 866 359 912 de
375 867 410 912 die
427 865 465 911 illo
483 881 509 911 ac
526 863 581 911 boni
597 881 663 911 nemo
694 865 779 912 dicetur
790 867 813 912 io
825 867 953 913 memorium
969 869 1039 928 psius.

196 931 240 982 scit,
262 945 292 976 ne
308 931 382 990 angeli
398 925 490 989 quidem
506 929 544 990 qui
561 930 583 975 in
600 929 663 976 coelo
729 932 759 975 lo
774 929 841 976 Tunc
860 928 931 977 Judas
954 928 1078 986 iscariotes,
1100 948 1157 980 unus

196 1001 251 1046 sunt,
264 1009 335 1054 neque
347 995 394 1054 ipse
406 992 483 1046 Filius,
496 993 536 1038 sed
549 992 622 1038 Pater.
694 1007 723 1038 ex
737 993 780 1038 illis
794 993 917 1047 duodecim,
932 995 983 1039 abiit
999 996 1027 1040 ad
1043 997 1157 1056 primarios

225 1061 257 1104 3³
270 1055 363 1110 Cavete,
371 1057 464 1118 vigilate
472 1064 495 1102 et
502 1064 578 1113 orate3
590 1057 662 1102 nesci·
695 1057 827 1108 sacerdotes.
840 1064 864 1102 ut
875 1072 926 1102 eum
937 1057 990 1117 ipsis
1001 1059 1109 1119 proderet.

197 1121 223 1166 tis
233 1122 292 1166 enim
304 1121 392 1182 quando
407 1129 497 1182 tempus
512 1120 567 1166 illud
582 1121 610 1167 sit
626 1121 662 1167 fu·
730 1123 756 1166 ll
777 1119 812 1165 Illi
825 1117 884 1174 verri,
896 1136 921 1167 eo
932 1121 1013 1174 audito,
1022 1123 1157 1182 gaudeisart,

197 1201 276 1231 rurum.
695 1190 718 1229 et
728 1184 819 1245 polliciti
832 1191 884 1230 suut
897 1199 921 1230 se
937 1186 1052 1246 pecuniam
1063 1185 1083 1232 ei
1094 1187 1157 1234 datu-

226 1253 258 1294 54
276 1249 526 1312 Nomfiliusiromim's
540 1251 573 1295 r'to
590 1257 621 1296 est
638 1256 664 1295 ut
695 1263 739 1294 ros.
774 1247 899 1302 Quaerebat
915 1249 983 1310 igitur
995 1250 1106 1310 quomodo
1117 1267 1157 1313 op·

197 1313 302 1374 quispiam
323 1313 360 1374 qui
380 1328 474 1374 peregre
490 1314 571 1368 abiens,
589 1311 664 1359 relictis
694 1309 851 1374 portuneeum
862 1313 971 1373 proderet.

197 1377 261 1422 dumo
273 1373 318 1430 sud,
331 1374 424 1436 datique
440 1377 511 1422 servis
527 1378 572 1422 suis
588 1384 663 1438 potes-
729 1380 758 1421 12
775 1380 792 1437 1
804 1375 880 1422 Primo
891 1386 964 1422 autem
976 1377 1156 1438 dioazpmorum,

197 1447 246 1495 tate,
268 1455 295 1486 ac
316 1456 357 1486 sno
379 1441 459 1500 cuique
481 1456 554 1502 opere,
572 1441 663 1502 janitori
694 1441 782 1500 quando
793 1441 874 1501 pascha
889 1442 1030 1496 mactabam..
1047 1443 1156 1490 dicuntei

197 1504 464 1566 mandavitutvigilaret.
695 1505 793 1566 discipuli
811 1505 885 1566 ipsius,
908 1503 951 1550 Ubi
970 1506 1004 1552 vis
1022 1513 1047 1552 ut
1065 1507 1156 1568 proiecti

227 1571 259 1615 35
276 1567 375 1630 Vigilate
396 1569 477 1630 igitur3
495 1567 583 1614 nescitis
604 1568 663 1614 euim
695 1577 796 1628 paremus
807 1576 831 1614 ut
842 1569 893 1614 edas
904 1569 1002 1628 pascha?

198 1633 284 1691 quando
295 1633 397 1678 dominus
414 1632 495 1678 domrls
512 1631 592 1685 veniet,
610 1648 661 1678 ves·
729 1635 758 1677 13
774 1632 840 1678 Tunc
857 1633 924 1678 mittit
943 1634 999 1679 duos
1017 1649 1030 1680 e
1047 1628 1157 1696 discipulis

197 1711 294 1760 perenn
305 1693 377 1742 medii
389 1703 461 1750 nocte,
473 1711 502 1742 arr
514 1695 535 1742 in
545 1696 663 1757 gallicinio,
694 1695 746 1750 suis,
765 1703 788 1741 et
801 1697 852 1741 dicit
869 1697 907 1748 eis,
926 1697 992 1742 Abite
1007 1697 1029 1742 iu
1042 1699 1123 1751 urbem,
1135 1711 1157 1744 et

197 1775 225 1804 an
237 1755 315 1805 mand:
331 1795 347 1821 ἢ
694 1767 795 1804 occurret
801 1759 957 1819 vobisquidam
966 1767 1056 1820 portans
1065 1764 1156 1822 ampho-

230 1827 261 1870 36
278 1823 315 1869 Ne
322 1839 388 1884 quum
397 1819 489 1884 repente
500 1823 590 1877 venerit,
599 1823 662 1870 lnve·
695 1837 742 1868 ram
754 1837 839 1882 aquae3
857 1823 971 1882 sequimini
983 1839 1033 1868 eum
1045 1841 1050 1868 r

200 1887 244 1933 niat
254 1903 295 1933 vos
305 1889 448 1934 dormientes.
730 1889 759 1931 14
776 1885 808 1931 Et
819 1885 951 1946 quocunque
965 1887 1080 1940 introierit,
1093 1888 1157 1934 dicite

230 1954 261 1998 57
274 1951 421 2004 Quaoautem
431 1951 664 2006 dicovobis,omnibus
694 1949 850 2011 patrifamilias,
874 1949 1009 2011 Praeceptor
1030 1951 1087 2004 dicit,
1114 1952 1156 1998 [bn

201 2015 254 2070 dico,
266 2014 370 2076 Vigilate.
694 2023 728 2060 est
739 2014 890 2069 diversorium,
903 2015 937 2060 ubi
952 2015 1034 2078 pascha
1046 2031 1096 2061 cum
1112 2018 1156 2062 dis·
1231 2074 1237 2084 ἱ

694 2079 771 2139 cipulis
782 2079 837 2124 meis
847 2077 928 2125 edam?

333 2142 408 2190 CAP.
431 2141 503 2188 XIV.
649 2184 652 2188 ,
728 2145 757 2189 15
784 2142 850 2188 Tunc
871 2144 918 2204 ipse
940 2145 1001 2190 robis
1027 2146 1154 2190 monstrabit

200 2206 663 2323 ERATautempascbaetazpmaduo·
694 2205 837 2252 coenaculum
854 2221 959 2268 magnum
977 2215 1075 2262 stratum,
1093 2225 1155 2270 para-

279 2273 320 2317 bus
330 2278 380 2332 post
392 2265 483 2327 diebus3
500 2280 522 2316 et
533 2273 665 2331 quaerebant
694 2278 758 2315 tum:
778 2269 821 2314 illic
831 2279 906 2330 parate
918 2271 979 2315 nobis
987 2275 1082 2329 poscito.

201 2335 294 2395 primarii
305 2337 430 2382 sacerdotes
442 2345 465 2380 et
475 2331 557 2381 scribae
570 2350 664 2395 quomo·
728 2335 759 2379 16
775 2332 884 2378 Abierant
903 2333 970 2391 igitur
988 2334 1086 2394 discipuli
1103 2337 1150 2396 ejus

201 2399 228 2443 do
239 2411 288 2444 eum
300 2399 350 2445 dolo
362 2400 496 2460 prehensum
504 2399 644 2444 trucidarent
694 2403 846 2456 vonemntqne
857 2397 879 2440 in
897 2395 1014 2450 civitatem,
1027 2405 1049 2442 et
1066 2398 1154 2444 invenc-

232 2467 247 2506 2
263 2462 374 2509 Dicebant
391 2469 472 2516 autem,
490 2462 544 2508 Non
561 2461 664 2514 iu'festo,
695 2468 746 2506 runt
757 2461 833 2506 omnio
845 2467 910 2521 prout
922 2461 1007 2506 dixerat
1018 2461 1064 2506 eis:
1083 2469 1106 2507 et
1117 2478 1155 2524 pa-

201 2541 228 2571 ne
238 2527 344 2573 tumultus
357 2527 385 2572 sit
396 2526 479 2586 popub.
695 2532 798 2570 raserunt
810 2525 895 2586 pascha

231 2594 247 2635 3
264 2589 341 2644 Quum
352 2584 433 2636 'autem
450 2591 516 2637 Jesrrs
532 2597 590 2635 esset
606 2590 663 2650 apud
729 2592 757 2634 17
775 2587 807 2634 Et
818 2605 885 2649 quum
898 2604 971 2635 serum
983 2590 1031 2636 diei
1040 2598 1103 2645 esset,
1117 2607 1155 2639 ve·

201 2652 331 2700 Bethaniam
344 2653 366 2700 in
378 2653 446 2713 domo
461 2653 560 2713 „Simonis
576 2653 662 2714 leprosi,
693 2653 726 2697 uit
737 2669 787 2698 cum
800 2654 921 2699 duodecim.

201 2719 341 2764 accumbente
362 2733 397 2771 eo,
420 2724 511 2763 venerat
529 2717 607 2762 mulier
624 2718 663 2762 ha·
728 2720 756 2762 18
775 2717 894 2780 Quumque
910 2718 1076 2774 discubuissent,
1093 2727 1116 2766 et
1131 2736 1155 2766 e-

201 2781 253 2826 bens
272 2781 405 2828 alabastrum
428 2782 535 2842 unguenti
557 2781 618 2826 uardr
636 2781 662 2826 li·
693 2780 776 2836 dereut,
793 2782 823 2828 ait
840 2780 913 2836 Jesus,
932 2782 1005 2828 Amen
1023 2783 1072 2830 dico
1087 2785 1156 2838 vobrs,

201 2845 277 2904 quidae
288 2846 351 2890 multi
363 2845 427 2906 pretii
437 2861 444 2899 ς
462 2851 484 2890 et
492 2843 605 2892 confracto
616 2845 662 2890 ala·
693 2860 751 2891 unus
762 2861 790 2892 ex
802 2847 863 2892 robis
874 2845 953 2907 prodet
963 2861 999 2892 me
1006 2847 1043 2908 qui
1055 2848 1099 2892 edit
1108 2861 1153 2892 mc·

202 2908 279 2963 bostro,
291 2909 398 2955 effuderat
409 2909 429 2954 ei
441 2909 464 2952 in
475 2916 546 2969 caput.
693 2925 751 2956 cum.

233 2976 249 3016 4
273 2973 370 3026 Quidam
393 2981 467 3018 autem
493 2972 663 3034 indignabantur
728 2976 757 3019 19
774 2971 820 3032 Ipsi
832 2970 885 3018 verri
897 2979 1016 3030 coepenrnt
1025 2973 1154 3026 contristari,

202 3037 258 3096 apud
269 3053 324 3090 sese,
336 3043 358 3082 et
370 3037 476 3091 dicebant,
487 3035 601 3089 Quorsum
612 3053 662 3097 per-
693 3042 715 3081 et
727 3035 746 3080 ei
758 3036 830 3080 dicere
847 3034 965 3094 sigillatim,
978 3033 1041 3079 Num
1057 3035 1119 3096 egoi
1135 3044 1157 3082 et

202 3101 254 3146 ditio
266 3100 308 3146 ista
319 3100 426 3161 unguenti
437 3099 496 3146 sacta
505 3100 557 3146 est?
694 3099 755 3150 alius,
768 3097 830 3141 Num
842 3095 902 3156 ego?

233 3168 248 3210 5
266 3163 326 3210 Nam
342 3171 428 3224 poterat
446 3164 489 3209 hoc
507 3164 596 3210 vaenire
616 3179 663 3210 am·
727 3163 759 3206 20
779 3158 830 3221 lpse
851 3165 924 3204 autem
947 3160 1081 3220 respondens
1103 3161 1156 3210 dixis

203 3225 258 3288 plibs
269 3224 334 3289 quim
351 3227 456 3288 trecentis
473 3228 573 3281 denariis,
585 3235 607 3272 et
618 3229 663 3273 duri
694 3225 732 3278 eis,
749 3223 816 3270 Unus
832 3237 860 3270 ex
877 3221 992 3268 duodecim
1008 3225 1044 3284 qui
1062 3241 1155 3273 monum

203 3293 338 3353 paupenbus.
372 3283 405 3336 Et
414 3291 537 3337 fremebant
547 3291 570 3335 in
581 3305 636 3336 eam.
694 3289 784 3350 intingit
800 3303 887 3334 mecum
904 3286 927 3332 in
944 3287 1047 3342 catinum,
1058 3305 1094 3335 roe
1101 3306 1155 3350 pro-
1242 3296 1245 3302 '

234 3361 249 3402 6
265 3351 333 3403 Jesus
349 3363 422 3400 antem
434 3355 470 3408 ait,
484 3354 586 3400 Omittite
596 3369 661 3401 eam:
693 3356 738 3400 det.

204 3419 254 3478 quid
268 3419 288 3464 ei
304 3419 426 3465 molestiam
442 3417 566 3464 exhibetis?
582 3419 664 3464 bonum
727 3421 755 3462 21
787 3416 856 3462 Filius
878 3410 966 3474 quidem
991 3415 1086 3464 hominis
1114 3419 1156 3465 ubit

205 3499 258 3543 spus
269 3490 358 3544 operata
369 3489 403 3528 est
414 3497 469 3542 erga
478 3498 521 3527 me.
694 3487 760 3542 prout
778 3481 883 3539 scriptum
902 3487 936 3524 est
956 3480 983 3524 de
1000 3495 1043 3525 eo:
1064 3482 1102 3528 sed
1117 3499 1157 3529 vae

235 3549 249 3592 7
268 3547 360 3607 Semper
379 3546 439 3592 enim
457 3560 564 3606 pauperes
581 3545 665 3590 habetis
695 3544 778 3590 bomini
796 3543 825 3588 illi
841 3557 959 3601 perquem
975 3541 1045 3589 Filius
1061 3546 1156 3592 hominis

206 3611 324 3666 vobiscum,
339 3619 362 3656 et
378 3609 554 3668 quandocunque
570 3608 665 3654 volueri·
695 3606 810 3669 proditur!
829 3606 910 3650 bouurrr
927 3614 974 3653 erat
991 3609 1074 3655 homrnr
1089 3610 1119 3655 rllr
1140 3611 1156 3654 s'

206 3674 231 3717 tis
247 3674 338 3733 potestis
353 3672 386 3719 eis
401 3672 545 3720 irenesacere:
562 3687 599 3718 me
613 3669 665 3718 versi
696 3683 760 3719 uatus
772 3685 817 3715 non
829 3667 911 3715 suisset

208 3752 248 3785 ton
261 3753 346 3799 semper
358 3737 469 3782 babebitis.
730 3739 761 3780 ‘2⁴2
778 3731 810 3780 Et
829 3732 941 3781 edentibus
960 3736 1019 3795 ipsis,
1039 3751 1107 3796 quum
1120 3749 1149 3781 ae

429 3805 458 3846 57
