2734 4314
535 420 761 476 massulanos,
787 421 883 470 xx1v.
900 379 909 390 =

225 537 250 572 ne
262 528 312 576 loco
323 538 400 578 sancto
416 528 463 590 [qul
475 527 536 589 legit,
553 527 691 573 animadver-
724 525 754 579 tit,
766 538 789 573 et
800 527 852 574 folia
859 529 977 590 germinat,
987 530 1056 578 ndsus
1064 547 1187 594 proposse(

230 591 292 702 mid
308 655 374 702 Tunc
393 656 429 714 qui
449 655 472 699 in
494 653 578 702 Judned
590 652 691 716 fueritis,
724 601 933 708 aeiidtelisiets20s
946 671 1014 716 quum
1027 657 1124 704 viderin's
1137 660 1187 706 true

231 719 314 782 lugiunt
325 721 347 765 in
359 726 460 764 montess
723 719 804 772 omnia
817 719 895 766 scitote
906 721 970 766 illam
982 736 1051 781 prope
1066 737 1119 776 esse,
1131 734 1151 770 et
1163 723 1189 768 al

263 787 291 830 l'l
309 782 354 838 Qui
370 783 392 828 in
408 782 494 832 solario,
512 795 557 826 non
574 781 692 829 descendat
722 781 789 828 iores.
869 804 870 808 =

233 853 253 894 ιί
264 855 337 894 sumat
347 848 463 908 quicquam
475 861 488 892 e
499 845 565 890 domo
576 842 629 892 suis
755 849 787 890 ³4
804 845 879 892 Amen
897 847 946 893 dico
964 847 1033 900 vobis,
1052 863 1189 909 neqnngunns

265 915 292 957 18
310 911 342 958 Et
352 912 389 971 qui
401 911 424 955 in
435 924 497 971 agro,
511 924 558 955 non
568 915 691 955 revertatur
723 909 858 970 praeterierit
869 918 940 957 nestas
949 912 1002 958 baec
1010 913 1132 972 usquedum
1141 929 1189 958 cin·

229 983 287 1023 retro
298 983 323 1022 ut
334 981 407 1020 sumat
417 974 549 1020 vestimenta
559 987 613 1019 suas
724 974 761 1018 nia
771 974 813 1020 isla
823 972 882 1020 iacta
892 975 943 1020 sint.

263 1044 292 1088 19
311 1038 361 1085 Vae
380 1045 455 1085 autem
476 1037 647 1099 praegnantibus
669 1044 692 1083 et
755 1040 787 1084 35
805 1035 934 1085 Coelumet
949 1047 1007 1084 terra
1023 1040 1194 1100 praeteribunts

231 1103 358 1152 &lauimus
368 1119 408 1164 per
418 1102 467 1148 illos
478 1101 531 1147 dies.
724 1115 837 1148 sermones
844 1111 912 1149 auten
927 1102 970 1149 mei
980 1118 1189 1166 nequaquampma»

260 1171 292 1214 ‘20
309 1167 378 1214 Orate
389 1162 442 1214 verd
454 1181 482 1212 ne
495 1163 533 1211 liat
548 1163 603 1226 luga
619 1175 692 1212 vestra
725 1166 827 1211 teribunt.

229 1231 306 1284 haema.
319 1247 391 1291 neque
402 1231 505 1276 sabbato:
755 1233 788 1276 56
805 1229 844 1276 De
854 1231 890 1276 die
901 1239 975 1276 autem
986 1231 1023 1276 illo
1038 1238 1061 1276 ct
1077 1229 1131 1278 hort
1148 1249 1189 1279 ne·

261 1300 288 1340 21
309 1295 360 1340 Erit
370 1295 429 1340 enim
441 1301 494 1338 tunc
505 1292 595 1338 afflictio
604 1307 691 1353 magna,
724 1307 762 1338 mo
773 1293 820 1348 scit,
832 1310 861 1340 ne
871 1295 945 1356 engdi
956 1291 1045 1355 quidem
1058 1296 1171 1342 coelorum
1182 1313 1189 1354 ;

229 1360 299 1418 qualis
308 1359 365 1404 secta
376 1372 421 1403 non
431 1356 474 1402 sun
484 1371 497 1401 a
507 1356 614 1417 principio
625 1371 691 1402 mun·
724 1357 763 1402 sed
775 1356 843 1404 Pater
853 1373 916 1404 meus
929 1359 997 1404 solus.

228 1423 249 1468 di
266 1423 293 1468 ad
310 1424 352 1467 hoc
369 1436 438 1480 nsque
455 1427 548 1480 tempus,
566 1435 637 1480 neque
650 1435 691 1465 un·
755 1424 786 1467 37
805 1421 867 1468 Sicut
886 1431 960 1468 autem
979 1431 1045 1468 erant
1064 1422 1111 1468 dies
1130 1422 1189 1470 No'c.

228 1501 292 1546 quam
304 1485 348 1531 liet.
724 1483 754 1530 ita
764 1485 806 1530 erit
817 1493 839 1531 et
850 1486 957 1532 adventus
970 1485 1021 1532 Filii
1031 1486 1135 1532 hominis.

262 1555 293 1595 22
310 1549 343 1595 Et
353 1549 395 1594 nisi
412 1547 518 1594 decurtati
535 1546 629 1594 inissent
645 1548 692 1594 dies
755 1553 786 1593 ³8
805 1550 936 1596 sicutenim
948 1550 1071 1611 diebusqui
1088 1565 1190 1610 praeees-

228 1613 265 1667 (111,
277 1614 358 1675 periret
368 1613 441 1658 omnis
455 1628 523 1659 cam:
548 1611 587 1657 sed
602 1620 691 1673 propter
723 1619 800 1658 semnt
814 1613 928 1668 diluvium,
945 1615 1038 1660 edebant
1048 1621 1071 1660 et
1081 1614 1190 1670 bibebant,

227 1678 310 1724 electos
321 1677 492 1724 decurtabantur
503 1676 549 1722 dies
559 1675 597 1720 illi.
723 1691 804 1722 uxores
822 1677 931 1722 ducebant
947 1686 971 1724 et
989 1685 1082 1738 nuptum
1102 1677 1190 1733 dabant,

261 1746 292 1787 25
308 1740 374 1788 Tunc
381 1741 449 1801 siquis
454 1740 517 1786 vobis
526 1739 612 1793 dixerit,
623 1739 690 1794 Ecce,
722 1739 749 1785 ad
761 1755 811 1785 eum
823 1756 891 1800 usque
903 1741 960 1787 (bem
971 1757 1016 1802 quio
1027 1743 1140 1802 ingressus
1156 1757 1189 1789 est

228 1806 262 1851 hle
275 1804 384 1858 Christus,
396 1811 435 1850 aut
445 1805 486 1858 hle,
498 1819 527 1850 ne
537 1803 626 1850 credite.
726 1802 777 1848 Noe'
789 1805 811 1849 in
823 1819 896 1850 arcam
903 1821 911 1860 ;

265 1874 297 1916 24
319 1869 482 1916 Excitabuntnr
508 1868 568 1914 enim
595 1868 690 1929 pseudo-
755 1871 787 1914 39
804 1867 854 1914 Nec
865 1869 1132 1929 agnoveruntdiluvium,
1150 1886 1192 1916 us⁴

228 1935 302 1980 christi
313 1941 336 1980 et
347 1933 569 1994 pseudo-prophetae,
586 1939 609 1978 et
625 1932 692 1977 edent
723 1932 818 1990 quedum
836 1934 939 1986 vertisset,
956 1941 979 1978 et
997 1933 1122 1979 sustulisset
1139 1950 1189 1979 om·

229 1999 292 2059 signa
312 2013 394 2058 magna
415 2006 439 2042 et
459 1997 582 2049 miracula3
615 1996 646 2040 ita
667 2003 692 2041 ut
723 2011 775 2040 nes:
798 1996 829 2041 ita
844 1997 885 2041 erit
899 2005 921 2042 ct
933 1998 1041 2043 adventus
1053 1996 1103 2042 Filii
1115 1999 1188 2043 homi-

227 2063 332 2108 seducant
350 2061 379 2122 (si
394 2060 439 2106 lieri
451 2058 615 2122 possit).etiam
631 2059 689 2104 elce·
724 2062 765 2104 nis.
1085 2099 1087 2108 ,

228 2133 268 2170 tos.
755 2127 787 2168 40
810 2123 869 2169 l'une
881 2125 925 2169 duo
936 2133 1001 2170 erunt
1012 2125 1035 2170 in
1044 2139 1116 2186 agro;
1132 2141 1189 2172 nnus

259 2193 289 2235 25
309 2188 375 2242 Ecce,
387 2187 484 2249 praedixi
494 2187 562 2232 vobis
722 2187 848 2248 accipietur,
860 2196 882 2233 et
893 2188 948 2234 alter
960 2188 1101 2248 relinquetur.

259 2257 290 2299 26
308 2251 386 2312 Itaque
397 2252 415 2298 si
427 2251 522 2298 dixerint
535 2251 604 2305 vobis,
623 2250 690 2304 Ecce,
754 2256 782 2296 41
803 2251 870 2297 Duae
877 2252 985 2298 molentes
992 2252 1015 2296 in
1023 2253 1131 2313 pistrino;
1143 2270 1188 2302 una

226 2317 248 2364 in
260 2318 346 2364 deserto
355 2324 405 2373 est;
422 2331 451 2362 ne
459 2316 602 2377 egredimini:
622 2315 691 2370 Ecce,
722 2315 846 2377 accipietur,
858 2323 881 2361 et
891 2316 959 2362 altera
971 2316 1112 2376 relinquetur.

227 2379 248 2426 in
260 2381 417 2437 conclavibus3
436 2396 465 2426 ne
474 2381 562 2427 credite.
759 2385 790 2425 42
813 2379 912 2442 Vigilate
933 2395 995 2441 ergo,
1017 2381 1106 2427 nescitis
1127 2383 1186 2427 enirn

260 2450 289 2492 27
308 2446 371 2492 Sicut
382 2445 441 2491 enim
452 2444 528 2506 fulgur
539 2444 585 2490 exit
601 2444 628 2489 ab
645 2444 689 2490 ori·
721 2441 764 2503 qui
786 2442 840 2490 horsi
861 2444 963 2490 dominus
985 2450 1059 2490 vester
1079 2455 1188 2492 venturus

227 2517 284 2563 ente,
304 2516 327 2555 et
345 2515 435 2570 apparet
454 2524 523 2568 usque
542 2509 565 2553 in
587 2509 689 2554 occidcn·
721 2509 756 2553 sit

227 2582 278 2628 tem,
289 2574 321 2618 ita
331 2575 397 2618 etiam
408 2573 450 2617 crit
461 2573 568 2618 adventus
581 2569 631 2616 Filii
648 2573 689 2618 bo-
753 2576 785 2617 45
802 2570 861 2618 lllud
877 2582 950 2620 autem
967 2573 1059 2630 scitote3
1086 2572 1104 2619 si
1121 2574 1188 2620 seina

227 2637 298 2682 minis.
720 2636 875 2697 paterfamilias
886 2637 929 2697 quia
940 2636 1016 2699 vigilia
1031 2637 1067 2683 sur
1080 2645 1188 2684 venturus
1229 2663 1231 2670 ν

259 2705 289 2745 28
307 2699 439 2760 Ubicunque
448 2699 506 2746 enim
515 2699 581 2745 fuerit
589 2699 689 2754 cadaver,
721 2701 755 2754 sit,
768 2701 875 2762 vigilaret
894 2717 934 2747 nce
947 2703 1028 2748 sineret
1044 2701 1129 2762 periodi
1145 2703 1187 2748 do-

226 2761 276 2810 illdc
288 2764 482 2824 congregabuntur
494 2763 585 2823 aquilae.
720 2779 782 2810 mum
794 2781 864 2812 suain.

259 2832 290 2874 99
308 2827 386 2873 Statim
396 2835 469 2872 antem
480 2834 531 2887 post
542 2828 688 2888 compressio-
753 2832 785 2872 44
803 2829 924 2889 Propterea
934 2835 956 2874 et
968 2844 1008 2874 vos
1019 2837 1090 2874 estote
1098 2831 1183 2891 parati:

226 2907 276 2937 nem
296 2891 381 2937 dierum
400 2889 495 2943 illorum,
512 2891 546 2936 sol
562 2892 688 2937 obscurabi-
720 2890 825 2952 quiaquia
835 2891 890 2938 horsi
901 2908 946 2938 non
957 2894 1045 2954 putatis,
1062 2893 1131 2940 Filius
1142 2894 1185 2940 ho-

225 2963 267 3010 tur,
280 2971 321 3001 nec
333 2955 392 3001 debit
403 2954 455 3000 luna
465 2953 604 3015 splendorem
616 2970 688 3007 snum,
721 2956 786 3001 minis
798 2964 904 3002 venturus
918 2964 960 3002 est.

224 3027 248 3066 et
258 3020 333 3066 stellae
344 3020 424 3066 cadent
434 3034 447 3065 e
458 3019 527 3073 coelo,
539 3025 561 3064 et
570 3025 689 3079 potestates
752 3023 784 3066 45
802 3019 860 3073 Quis
872 3021 984 3081 igiturest
995 3019 1065 3068 fidelis
1077 3037 1155 3067 servus
1163 3035 1184 3068 e:

224 3084 337 3131 coelorum
348 3083 515 3130 concutientur:
720 3084 823 3144 prudens,
840 3100 905 3144 quem
916 3084 1021 3145 praefecit
1032 3085 1134 3130 dominus
1150 3085 1180 3132 sa-

256 3153 289 3195 50
308 3149 374 3195 Tunc
395 3147 507 3209 apparebit
526 3147 615 3209 signum
638 3145 688 3194 Filii
720 3148 806 3193 mulitio
822 3163 868 3203 suo,
886 3157 910 3195 ut
921 3149 959 3194 det
969 3149 1012 3194 illis
1023 3149 1184 3198 alimentumin

225 3211 441 3268 hominisincoe103
458 3218 480 3258 et
495 3218 548 3257 tunc
560 3227 637 3256 omncs
648 3212 688 3256 tri-
720 3211 838 3272 tempore?

224 3275 264 3324 bus
275 3285 346 3324 terrae
357 3278 469 3338 plangent,
481 3283 503 3321 et
514 3275 619 3321 sidebant
634 3274 688 3321 bili·
751 3279 783 3322 46
800 3275 884 3322 Beatus
893 3291 970 3322 servus
979 3277 1022 3330 ille,
1032 3292 1105 3336 spuens,
1116 3291 1184 3337 quum

225 3353 262 3386 um
284 3342 380 3388 hominis
401 3341 528 3386 venientem
550 3339 572 3384 in
594 3339 688 3384 nubibus
719 3339 805 3386 venerit
813 3339 916 3386 dominus
927 3341 980 3402 eJ'us,
992 3341 1101 3386 invenerit
1112 3341 1184 3387 itaia·

224 3405 278 3452 eseli
290 3420 341 3451 cuns
351 3401 450 3466 potentii
461 3411 483 3448 et
493 3400 566 3464 gloriis
579 3400 654 3449 multi.
719 3403 821 3449 cientem.

255 3471 284 3513 31
305 3471 330 3515 Is
351 3466 404 3515 veni
427 3468 499 3512 mittet
521 3466 613 3527 angelos
635 3481 687 3512 suos
751 3470 782 3513 47
799 3467 874 3513 Amen
901 3467 950 3513 dico
978 3469 1047 3521 nobis,
1076 3467 1183 3522 omnibus¹

224 3543 274 3578 tum
293 3534 358 3578 tubae
376 3547 432 3578 voce
451 3529 538 3592 magnai⁴
561 3539 584 3575 et
605 3538 687 3591 ccgent
717 3531 824 3590 quaesibi
836 3538 960 3592 suppetunt,
972 3531 1151 3592 praeficieteum.

225 3594 305 3642 eleetos
316 3598 363 3657 ejus
374 3612 387 3642 a
398 3603 492 3656 quatuor
509 3596 587 3647 ventis,
605 3609 619 3639 a
634 3610 686 3640 coe·
751 3599 782 3639 48
800 3593 869 3648 Quod
880 3596 898 3640 si
909 3595 988 3640 dixerit
998 3611 1075 3640 servus
1086 3596 1122 3640 ille
1136 3611 1182 3642 ma-

227 3673 295 3708 ntum
306 3667 406 3705 extremo
417 3659 445 3704 ad
456 3675 531 3704 eorum
543 3666 675 3704 extremum.
719 3658 754 3704 lus
765 3659 787 3703 in
797 3659 863 3704 corde
871 3674 919 3712 suo,
933 3659 1016 3705 lliffert
1024 3660 1127 3704 dominus
1136 3675 1179 3704 nse

255 3726 287 3766 52
304 3722 326 3767 A
345 3721 388 3767 ficu
408 3729 482 3767 autem
501 3723 577 3767 discite
594 3724 686 3781 parabo·
721 3737 746 3768 us
760 3723 878 3768 adventum
888 3740 896 3778 ;

224 3785 282 3832 lam:
309 3787 385 3839 Quum
399 3787 448 3845 jem
467 3801 541 3830 raunns
559 3786 606 3845 ejus
626 3792 688 3830 tener
753 3790 784 3832 49
802 3783 950 3847 Coeperitque
962 3787 1076 3832 verberare
1092 3800 1176 3832 consue

446 3851 479 3889 50
