2756 4320
614 379 731 438 LUCA,
752 379 854 431 xx111.

277 493 310 536 46
326 487 359 536 Et
378 489 433 536 dixit
451 488 489 543 eis,
513 489 575 544 Quid
591 489 712 537 dormitis?
733 490 783 538 lruc
800 490 848 553 ipso
859 490 969 552 loquente,
984 508 1062 539 vocem
1073 493 1145 542 mmslt
1157 496 1199 558 gal
1222 519 1229 525 ·
1262 516 1266 524 ·
1361 513 1363 536 ι

247 553 337 615 tangite,
353 560 376 600 et
387 553 513 615 precamini,
525 570 553 602 ne
561 553 678 602 introeatis
688 558 711 603 in
741 552 783 600 lus.

247 618 398 665 tentationem.
773 621 802 664 61
822 616 882 664 Tum
901 635 1022 672 conversus
1039 619 1155 668 Dominus
1171 622 1205 670 in·

277 685 309 729 47
326 681 408 727 Adhuc
416 689 490 726 autem
499 699 527 727 eo
537 681 648 742 loquente,
660 699 712 731 ecee
741 687 810 728 tuitus
821 690 855 730 est
868 682 976 730 Petrum:
995 691 1019 730 et
1035 686 1162 732 recordatus
1173 695 1207 734 est

246 746 324 800 toritas
357 753 379 790 et
401 745 475 806 isqui
503 746 613 792 dicebatur
633 747 711 803 Judas,
743 743 825 792 Petrus
841 747 949 793 sermonis
971 747 1073 802 Domini,
1095 751 1208 809 quomodo

246 824 304 856 unus
314 823 344 854 ex
360 808 402 854 illis
419 809 541 864 duodecim,
559 812 656 872 praeibat
672 812 711 868 eis,
741 810 852 856 nintirum
861 811 946 856 dixerat
955 811 1002 872 ipsi,
1016 811 1148 873 Priusquam
1156 815 1208 875 gal.

247 879 268 921 tt
280 873 462 934 appropinquavit
477 873 540 930 Jesu,
557 882 583 921 ut
599 876 710 924 osculare-
740 873 776 919 lus
786 889 865 920 vocem
881 875 986 930 emiserit,
1005 883 1092 923 terme
1109 879 1208 940 abnega·

245 941 351 983 tuream.
741 937 781 984 bis.

278 1003 309 1046 48
326 999 394 1048 Jesus
415 1007 490 1048 nutem
511 1001 567 1049 dixit
588 1003 615 1056 ei,
642 1001 710 1060 Juds,
773 1005 805 1047 62
823 1000 855 1047 Et
866 1018 969 1064 egressus
981 1002 1040 1050 t'oras
1052 1003 1133 1050 Petrus
1144 1003 1205 1054 nevi:

246 1064 322 1112 osculo
336 1063 416 1112 Filium
428 1066 524 1112 hominis
535 1067 627 1128 prodis?
673 1111 683 1118 ,,
740 1061 822 1112 savard.

277 1133 310 1176 49
327 1129 521 1176 Videutesautem
533 1131 594 1192 liqui
606 1132 709 1194 circaip·
773 1134 805 1176 65
821 1133 838 1191 q
852 1130 885 1176 At
900 1131 914 1176 ii
930 1130 967 1191 qui
984 1128 1029 1177 uni
1045 1133 1149 1179 tenebunt
1164 1131 1205 1181 Je-

245 1207 295 1241 tttm
306 1202 381 1248 eruin,
398 1194 457 1254 quod
467 1194 566 1240 futurum
578 1204 631 1250 erat,
647 1197 709 1243 dixe
740 1208 797 1246 sum,
809 1194 928 1240 illudebant
938 1195 966 1249 ei,
977 1197 1094 1242 caedentes
1104 1212 1172 1243 eum:

244 1265 298 1304 runt
307 1257 335 1313 ei,
349 1257 455 1313 Domine,
471 1260 648 1320 percutiemusne
660 1261 710 1323 gla-
772 1261 805 1304 64
820 1258 1207 1318 niquumeumohvolvtssentver·

245 1320 303 1368 dio?
740 1321 843 1368 iterabant
853 1322 931 1368 faeiem
943 1323 996 1384 ejus,
1008 1330 1031 1368 et
1042 1323 1208 1386 interrogabant

187 1431 188 1444 ,
277 1389 310 1432 50
326 1384 359 1431 Et
377 1387 465 1445 quidam
484 1401 513 1433 ex
531 1387 584 1448 ipsis
602 1389 712 1449 percussit
739 1401 798 1440 euni,
809 1386 915 1441 dicentes,
929 1385 1057 1433 Vaticinata
1067 1388 1117 1448 quis
1128 1389 1157 1434 sit
1167 1404 1206 1450 qur

146 1459 151 1468 “
244 1464 334 1496 servum
345 1449 455 1510 pontilicis
469 1452 566 1506 maximi,
583 1459 606 1498 et
622 1453 711 1500 abstulit
740 1451 889 1510 tapercnssit,

244 1527 320 1559 aurem
331 1514 378 1574 ejus
389 1513 496 1562 dextram.
544 1563 545 1566 ,
772 1517 804 1561 65
821 1513 853 1561 Et
864 1514 907 1564 alia
919 1513 990 1561 multa
1005 1515 1155 1562 conviciantes
1171 1517 1207 1563 ab·

275 1580 304 1623 51
325 1576 472 1639 Respondeas
483 1585 557 1625 autem
568 1579 636 1628 Jesus
647 1581 710 1638 dixit,
739 1577 819 1624 cebant
829 1579 853 1626 iu
864 1593 923 1626 aum.

246 1639 317 1688 Sinite
328 1641 371 1686 bue
383 1657 458 1703 usqne.
492 1642 525 1690 Et
536 1642 595 1690 tacta
603 1645 660 1692 illias
669 1643 710 1692 au'·
772 1646 804 1688 66
820 1641 881 1703 {Et
892 1650 916 1690 ut
927 1649 990 1688 ortus
998 1650 1032 1688 est
1040 1642 1092 1697 dies,
1101 1651 1206 1691 coactum

244 1701 318 1759 siculi,
330 1705 416 1752 sanavit
426 1722 485 1752 eum.
738 1706 782 1752 luit
797 1707 957 1768 presbqterium
973 1706 1055 1769 populi,
1070 1714 1092 1753 et
1107 1708 1206 1768 primarii

276 1773 308 1817 52
325 1767 392 1816 Dixit
401 1777 476 1818 antem
487 1770 555 1819 Jesus
572 1772 598 1819 iis
615 1772 651 1834 qai
669 1774 709 1820 ad-
739 1771 871 1825 sacerdotes,
887 1776 911 1818 et
926 1771 1016 1826 scribae,
1033 1777 1056 1816 et
1066 1772 1207 1820 adduxerunt

244 1830 322 1880 versds
340 1833 413 1894 ipsum
432 1843 547 1890 venerant,
566 1853 647 1897 nenqve
663 1839 709 1900 pri-
740 1835 824 1882 eumin
836 1850 1045 1888 suumeonsessam,

244 1898 318 1944 mariis
329 1899 484 1954 sacerdotibus,
495 1907 519 1947 et
527 1900 642 1961 praelectis
651 1909 709 1948 tem·
771 1901 802 1946 67
820 1897 936 1954 Dicentea,
945 1898 1007 1944 Num
1015 1906 1039 1944 tu
1046 1915 1070 1944 es
1078 1898 1115 1946 ille
1125 1897 1205 1946 Chris-

244 1961 287 2022 plo,
309 1969 333 2009 et
351 1963 479 2018 senioribus,
504 1963 538 2010 Ut
553 1963 660 2012 adversds
676 1967 709 2012 la-
739 1961 792 2008 tns?
809 1963 924 2010 dicnobis.
959 1962 1025 2009 Dixit
1035 1970 1109 2010 autem
1122 1964 1161 2019 eis,
1180 1965 1206 2012 Si

244 2038 332 2072 tronem
352 2027 437 2074 sedistis
453 2043 503 2073 cum
522 2027 602 2090 gladiis
621 2043 644 2076 ac
660 2029 709 2077 fus·
739 2027 804 2072 vobis
815 2027 898 2081 dixero,
910 2042 1048 2088 nequaquam
1059 2027 1170 2074 credetisz

244 2089 321 2135 tibus?
347 2133 350 2136 .
771 2094 802 2138 68
820 2087 888 2144 Quid
907 2091 925 2138 si
944 2091 1011 2138 ctiam
1030 2091 1206 2152 interrogavero,

274 2155 307 2200 53
324 2153 401 2208 Quum
410 2155 506 2215 quotidie
515 2156 628 2203 vobiscum
637 2173 708 2204 essem
739 2169 876 2216 nequaquam
887 2155 1045 2217 respondebitis
1056 2155 1115 2210 mihi,
1133 2171 1207 2218 ¹¹³1oe

243 2232 266 2263 ιιι
277 2218 366 2280 templo,
384 2234 430 2264 non
444 2220 574 2267 extendistis
589 2236 669 2268 marrus
686 2223 708 2270 in
739 2234 774 2266 me
785 2219 909 2265 absolvatis.

243 2296 293 2328 me:
318 2282 357 2329 sed
367 2283 421 2329 haec
431 2291 466 2330 cst
476 2285 531 2332 hora
542 2285 579 2332 illa
589 2294 669 2342 vestra,
686 2294 709 2334 et
771 2288 803 2330 69
819 2283 857 2329 Ab
867 2284 910 2330 hoc
921 2290 1020 2344 tempore
1030 2283 1072 2328 erit
1084 2281 1154 2330 lilius
1162 2284 1204 2330 iro·

243 2353 341 2407 potestas
352 2347 498 2396 tenebrarum.
739 2347 805 2393 minis
824 2347 903 2394 sedens
922 2347 950 2394 ad
970 2347 1071 2394 dextram
1092 2349 1206 2410 potentiae

281 2414 314 2459 54
338 2409 530 2473 Compreliensnm
557 2421 631 2460 autem
656 2431 708 2462 eum
741 2411 793 2458 Dei.

243 2475 359 2530 duxerunt,
381 2485 405 2522 et
426 2477 595 2523 introduxerunt
617 2479 708 2526 domum
772 2478 804 2522 to
821 2473 936 2522 Dixerunt
957 2481 1031 2521 autem
1054 2490 1139 2530 omncs,
1165 2475 1203 2523 Τιι

242 2539 351 2600 pontilicis
373 2539 470 2587 maximi.
505 2539 586 2587 Petras
602 2540 656 2588 verd
672 2559 708 2590 se·
739 2553 794 2600 ergo
810 2555 834 2586 et
850 2539 919 2586 Filius
937 2539 973 2586 ille
991 2538 1058 2585 Del?
1081 2537 1134 2594 19⁸²
1150 2537 1206 2587 verti

242 2603 444 2663 quebaturprocul.
739 2603 794 2650 dixit
815 2603 854 2658 eis,
882 2603 932 2650 Vos
953 2603 1032 2661 dicitis,
1070 2617 1123 2648 nam
1160 2621 1206 2667 ego

273 2669 305 2714 55
323 2666 444 2726 Quumque
463 2667 613 2714 accendissent
632 2669 708 2731 ignem
738 2681 796 2715 sutn.

241 2743 264 2774 ιιι
275 2729 348 2775 medio
364 2729 434 2783 aulae,
451 2737 517 2790 atque
534 2728 578 2778 unit
594 2735 707 2780 consedis-
772 2734 800 2779 71
820 2731 853 2778 At
864 2731 895 2776 illi
906 2731 1016 2784 dixerunt,
1035 2731 1096 2784 Quid
1110 2731 1205 2793 amplivls

241 2799 297 2847 sent,
310 2793 366 2838 sedit
376 2799 399 2838 et
412 2792 493 2839 Petrus
505 2794 562 2840 inter
572 2811 619 2842 eos.
738 2810 832 2856 egemus
844 2795 990 2842 testimonio?
1013 2793 1058 2857 Ipsi
1070 2795 1130 2842 enim
1140 2796 1205 2843 audi·

273 2859 305 2905 56
322 2855 400 2911 Quum
411 2865 485 2904 autem
496 2872 548 2904 eum
559 2859 650 2907 vidisset
666 2877 707 2908 an·
739 2859 812 2905 vimus
823 2874 852 2906 ex
863 2875 902 2906 ore
912 2861 989 2922 ipsius.

239 2921 291 2968 cilln
309 2921 417 2982 quaedam
438 2922 552 2968 sedentem
574 2924 603 2970 ad
624 2925 706 2986 ignem,

241 2984 331 3032 intentis
342 2987 364 3032 in
376 3001 427 3032 eum
443 2985 519 3042 oeulis,
535 2987 598 3044 dixit,
616 2987 649 3036 Et
665 2989 707 3037 iste
875 2985 950 3036 CAP.
973 2985 1075 3034 xxnt

241 3065 292 3096 cum
302 3058 396 3098 encrat
799 3050 853 3098 ΠΜ
864 3067 959 3114 surgens
970 3053 1073 3098 universa
1085 3050 1205 3101 multitado

273 3119 304 3162 57
322 3113 375 3176 Ipse
391 3112 446 3163 verd
461 3116 580 3178 abnegavit
595 3133 654 3173 eum,
671 3118 706 3164 di-
817 3131 902 3170 eorum,
914 3116 977 3162 duxit
988 3131 1039 3162 eum
1050 3115 1078 3162 ad
1090 3114 1195 3164 Pilatum.

241 3195 301 3233 cens,
314 3179 405 3234 Mulier,
417 3195 462 3226 non
474 3181 526 3227 novi
537 3196 596 3227 eum.
770 3183 786 3226 2
803 3177 933 3241 Coeperunt
943 3187 1017 3226 antem
1027 3195 1079 3226 eum
1092 3194 1204 3236 accnmra,

273 3247 304 3292 58
322 3243 354 3290 Et
362 3241 427 3306 pauld
436 3241 485 3305 prist
493 3245 549 3292 alliis
560 3245 707 3300 videnaenm,
737 3243 841 3298 dieentes,
860 3243 1016 3306 Comperimus
1032 3242 1099 3289 istum
1112 3259 1204 3305 pervar-

241 3308 302 3360 dixit,
315 3308 347 3354 Et
359 3315 382 3356 tu
394 3323 423 3354 ex
434 3308 486 3370 ipsis
497 3323 529 3354 es.
563 3307 707 3357 Petrusverd
737 3315 785 3354 tere
801 3315 942 3369 gentem,¹et
959 3317 1035 3354 vetare
1053 3307 1135 3354 tributa
1151 3308 1205 3356 dare

241 3373 277 3428 ait,
291 3372 357 3419 Heus
368 3380 398 3426 tu,
411 3387 456 3418 non
467 3387 524 3418 sum.
739 3369 835 3425 Caesari,
847 3373 940 3418 dicendo
952 3387 976 3419 se
988 3369 1111 3427 Christum,
1127 3373 1153 3419 sd
1163 3381 1204 3428 eat,

273 3441 304 3484 59
322 3432 567 3498 Etinterposittiquau
584 3433 639 3482 bord
655 3434 705 3492 und,
737 3451 879 3496 regemesse.
1071 3482 1074 3488 ,

242 3501 295 3548 allus
309 3499 397 3562 quidam
415 3502 441 3547 t'd
459 3501 603 3554 asseverabat,
623 3501 705 3556 dicens,
768 3504 786 3546 3
804 3499 889 3546 Pilatus
910 3507 962 3547 ante
984 3499 1131 3560 interrogavit
1151 3515 1204 3546 enm

245 3561 304 3612 Veri
317 3573 341 3612 et
356 3567 399 3612 iste
414 3579 465 3611 cam
482 3565 520 3611 illo
535 3570 598 3610 erat:
623 3566 705 3612 etenim
737 3563 819 3618 dicens,
835 3562 1204 3612 lieneesRexilleJ'udaeornmi

243 3629 407 3675 Galilaeusest.
737 3624 790 3688 lpse
811 3625 865 3674 veni
887 3629 1023 3690 respondens
1041 3627 1061 3674 ei
1080 3627 1142 3683 dixit,
1165 3627 1202 3686 Ta

273 3697 305 3738 60
321 3692 363 3738 Ait
381 3700 456 3738 autem
478 3690 566 3746 Petras,
590 3691 657 3740 Heus
673 3700 704 3747 tu,
735 3691 797 3738 dicia.

242 3755 316 3801 neseio
338 3755 391 3816 quid
413 3755 480 3802 dicas.
519 3755 552 3802 Et
575 3755 640 3810 illico,
665 3757 704 3804 ad·
770 3755 842 3804 snat
861 3751 915 3802 verti
937 3754 1021 3802 lilatus
1040 3754 1068 3802 ad
1086 3753 1202 3817 primarias
