2734 4314
542 419 692 490 MARCUb.
717 435 739 482 x

154 535 234 590 'uuum
245 549 306 590 esset
316 542 336 589 ei
348 539 425 604 potiris
437 541 456 586 si
473 541 627 601 circumpone-
663 551 719 586 trem
732 555 797 586 suurn
808 550 831 588 et
841 553 934 590 rnttretn
949 551 972 590 et
978 543 1127 606 agglutinabi-

159 617 214 654 retur
224 623 304 654 saxum
315 607 402 652 molare
414 606 477 651 circa
485 603 565 650 collum
574 606 627 666 ejrrs,
664 613 700 650 tnr
712 605 775 650 uxori
787 621 839 652 sune
849 621 856 662 3

157 683 178 718 et
188 673 333 733 projiceretur
344 671 367 716 in
379 685 451 714 mare.
693 674 708 713 8
726 669 758 715 Et
769 670 806 730 qui
823 671 867 716 duo
875 667 983 732 juerant,
1000 678 1066 717 erunt
1076 673 1129 718 mre

187 740 217 781 43
236 732 306 790 Quod
318 735 337 780 si
348 749 431 780 manus
444 741 484 778 tua
494 730 546 777 tacit
563 739 588 777 ut
603 739 627 776 tu
662 748 713 778 uno.
747 731 826 794 Itaque
837 750 882 780 non
899 749 951 781 sunt
966 733 1061 796 amplius
1076 736 1120 782 deo

159 799 260 853 offendas,
283 799 389 844 abscinde
411 813 476 842 earn:
496 797 577 841 bonum
594 803 629 841 est
661 797 698 842 sed
712 812 825 844 unacaro.

158 865 193 909 tibi
204 865 232 910 ad
244 863 313 908 vitam
325 862 413 923 ingredi
425 875 537 914 mancum,
552 858 629 918 potiris
695 867 710 908 9
722 861 1051 924 QuodergoDeusconjunxitj
1061 864 1126 911 bomo

158 925 221 988 quim
233 928 288 973 duas
299 942 379 972 manus
397 926 515 970 habentem
531 925 590 970 ubire
607 925 628 970 in
661 927 810 986 nescjongot.
950 922 953 932 ’

159 993 298 1044 Gehennam,
310 992 335 1036 id
346 983 386 1043 est,
398 989 421 1034 in
433 989 510 1050 ignem
521 988 582 1034 iilum
593 988 628 1034 in·
697 993 726 1034 10
743 989 775 1035 Et
786 989 845 1036 domi
863 1005 949 1036 rursum
967 991 1064 1052 discipuli
1082 993 1127 1053 ejur

158 1057 294 1102 extinctum:
661 1051 738 1098 eidem
750 1053 778 1099 de
790 1069 813 1099 re
824 1052 989 1114 interrogitrunt
1000 1070 1058 1100 eurn.

189 1124 222 1164 44
240 1119 285 1165 Ubi
297 1119 381 1164 vennis
392 1131 472 1163 eorurn
484 1131 529 1162 nor.
546 1115 627 1170 interit,
698 1120 723 1162 ll
745 1119 797 1176 Ipse
808 1115 862 1163 verb
873 1117 928 1162 dixit
939 1118 977 1171 eis,
995 1118 1127 1178 Quicunque

158 1183 250 1244 ttignis
261 1198 307 1228 non
318 1181 467 1242 extinguitur.
661 1179 769 1227 dimiserit
796 1197 888 1228 uxorem
911 1197 981 1235 suant,
999 1191 1022 1228 et
1044 1183 1128 1231 duxerit

190 1251 222 1294 45
234 1247 267 1293 Et
274 1247 290 1292 si
298 1262 337 1308 pes
343 1253 395 1292 tuus
402 1245 485 1290 facitut
492 1252 516 1290 tu
522 1243 627 1298 offendas,
661 1245 733 1300 aliurn,
745 1247 874 1292 moechum
885 1243 990 1292 adrcrsds
1001 1261 1057 1292 euni.

159 1311 261 1358 discinde
271 1325 337 1356 enm:
356 1311 440 1356 bonurn
452 1317 487 1355 est
498 1309 535 1354 tibi
551 1309 628 1369 ingre·
697 1312 726 1354 12
743 1309 776 1356 Et
792 1310 809 1356 si
827 1309 906 1356 mulier
927 1310 1034 1356 dimiserit
1057 1309 1125 1358 vintru

159 1377 218 1422 diin
241 1376 308 1421 vitun
331 1374 442 1427 claudum,
462 1371 540 1432 potiris
561 1369 628 1433 quiin
662 1389 733 1427 suurn,
745 1381 768 1420 et
779 1375 878 1436 nupserit
889 1374 957 1428 elteri,
970 1376 1105 1421 nroccirntnr.

159 1441 214 1486 duos
225 1440 293 1500 pedes
309 1439 426 1484 habentem
444 1437 520 1498 projici
538 1436 560 1482 in
579 1437 627 1482 Ge-
696 1441 725 1482 15
742 1437 833 1500 unnc
845 1439 971 1484 obtulerunt
982 1440 1000 1485 ei
1013 1440 1125 1498 puerulos,

159 1505 262 1558 hennom,
285 1505 310 1550 id
326 1511 366 1557 est,
383 1502 406 1547 in
424 1501 500 1563 ignem
517 1500 627 1546 inextine-
662 1509 687 1547 ut
698 1509 799 1564 tangeret
810 1518 862 1549 eos:
881 1503 981 1564 discipuli
991 1501 1126 1566 vcroobjur·

160 1577 218 1614 turn:
661 1567 743 1627 gabant
754 1582 793 1612 eos
804 1567 841 1627 qui
856 1567 983 1614 offerebant.

191 1637 223 1679 46
237 1631 281 1678 Ubi
291 1630 459 1676 renniseorum
467 1627 629 1684 noninteritet
696 1633 726 1674 l4
743 1631 812 1684 Quod
823 1647 892 1692 quum
904 1632 994 1678 vidisset
1006 1630 1079 1685 Jesus,
1091 1631 1126 1678 in·

166 1697 217 1758 gnis
228 1711 275 1742 non
288 1695 436 1756 extinguitur.
661 1694 765 1756 dignatus
777 1704 817 1749 est,
829 1701 852 1742 et
863 1696 918 1741 dixit
929 1695 967 1750 eis,
986 1697 1057 1742 Sinite
1073 1712 1127 1756 pue·

191 1764 221 1807 47
232 1759 273 1806 ‘Et
283 1760 302 1805 si
313 1759 392 1806 oculus
403 1766 456 1804 tuus
466 1757 518 1807 facit
527 1767 551 1802 ut
560 1763 584 1802 tu
593 1756 628 1802 oi·
662 1759 722 1804 ruios
736 1759 813 1806 venire
829 1759 856 1805 sd
872 1775 915 1812 me,
933 1768 955 1804 et
972 1775 1000 1805 ne
1016 1761 1128 1820 probibcte

159 1823 241 1878 feodos,
254 1839 307 1870 erue
317 1838 382 1868 eum:
402 1823 487 1867 bonum
498 1829 533 1867 est
543 1821 581 1867 tibi
592 1821 628 1866 in·
661 1837 714 1878 eos;
731 1822 807 1868 talium
819 1824 878 1868 enim
890 1829 924 1868 est
935 1838 1029 1882 regnunt
1043 1823 1096 1869 Dei.

160 1889 228 1935 troire
238 1889 261 1934 in
273 1902 368 1948 regnum
381 1885 428 1932 Dei
444 1886 537 1941 luscum,
551 1882 629 1945 potiris
698 1889 726 1932 15
738 1886 813 1931 Amen
821 1886 870 1935 dico
877 1886 1077 1946 vobisquicunque
1083 1902 1128 1932 non

160 1949 224 2012 quim
236 1953 292 1998 duos
302 1951 381 1997 oculos
393 1951 509 1996 habentem
520 1949 597 2011 projici
606 1948 628 1994 in
661 1949 774 2010 exceperit
796 1964 890 2010 regnum
913 1949 959 1995 Dei
977 1962 1001 1995 ut
1018 1950 1129 2010 puerulus,

163 2017 293 2063 Geirennam
306 2016 379 2075 ignis:
662 2028 799 2074 nequaquam
811 2014 834 2059 in
846 2013 867 2060 id
878 2013 1022 2074 ingredietur.

192 2085 223 2126 48
242 2081 286 2126 Ubi
298 2079 382 2126 vennis
394 2091 472 2123 eorum
483 2092 528 2123 non
546 2076 627 2130 interit,
696 2082 725 2125 16
743 2077 775 2124 Et
785 2093 853 2138 quum
865 2078 985 2140 accepisset
999 2095 1038 2124 eos
1054 2078 1076 2124 in
1094 2079 1128 2125 ui·

160 2153 182 2192 et
192 2145 251 2206 ignis
262 2160 307 2190 non
318 2141 467 2203 extinguitur.
661 2157 707 2195 nris,
725 2143 834 2204 impositis
850 2143 873 2188 in
890 2159 929 2189 eos
945 2143 1045 2189 monibus
1061 2144 1128 2190 bene
1203 2199 1209 2208 ⁸

192 2214 223 2258 49
241 2209 300 2255 Nam
308 2208 383 2254 omnis
391 2205 624 2266 iromoignesaiietur:
660 2206 716 2252 dixit
727 2208 766 2253 eis.
883 2214 889 2220 ”

161 2281 183 2320 et
192 2272 265 2319 omnis
276 2273 358 2318 oblatio
370 2269 417 2317 saie
428 2269 524 2316 salietur.
696 2274 724 2316 17
737 2274 751 2329 1
763 2270 900 2331 Egi-odiente
909 2277 983 2316 autern
992 2270 1040 2332 ipso
1050 2280 1074 2317 ut
1083 2287 1129 2318 rete

192 2342 224 2384 50
241 2337 319 2383 Bonus
331 2341 366 2382 est
378 2335 423 2381 sai:
444 2333 461 2380 si
473 2331 527 2379 verd
544 2332 576 2378 sai
592 2333 627 2378 in·
661 2336 727 2380 daret
739 2335 762 2378 in
775 2335 840 2386 viam,
852 2334 947 2393 quidam,
964 2348 1033 2393 qunrn
1050 2350 1127 2380 sccnr·

162 2402 232 2447 ruisus
239 2401 311 2455 suerit,
320 2413 419 2460 quonam
427 2398 497 2459 ipsum
504 2396 628 2444 condietis?
661 2398 732 2452 risset,
745 2406 768 2443 et
778 2398 894 2443 accidisset
904 2398 924 2442 ei
936 2398 963 2442 nd
970 2412 1051 2458 genua,
1059 2398 1127 2444 inter·

164 2465 250 2512 Habete
261 2466 283 2510 in
295 2462 414 2524 vobisipsis
426 2462 500 2518 soient,
512 2469 535 2508 et
551 2475 628 2523 pocem
664 2462 752 2522 rogavit
769 2477 827 2516 eunt,
847 2460 981 2522 Praeceptor
997 2461 1061 2515 bone,
1078 2462 1129 2522 quid

162 2531 237 2576 habete
247 2530 283 2576 alii
294 2543 347 2583 curn
359 2527 414 2573 eliis.
662 2526 741 2572 inciam
754 2535 777 2572 ut
789 2527 857 2579 vitam
868 2535 980 2572 aeternam
989 2526 1130 2586 possideam?

698 2595 725 2636 18
742 2591 810 2639 Jesus
821 2599 895 2637 autern
912 2590 968 2636 dixit
984 2590 1011 2644 ei,
1030 2589 1077 2639 Cur
1094 2607 1130 2638 me

330 2654 406 2704 cAP.
436 2654 467 2701 X.
662 2654 716 2701 dicis
735 2655 835 2702 bonum?
852 2655 976 2702 nulius'est
991 2655 1069 2711 bonus,
1087 2657 1128 2702 niti

198 2721 427 2782 *Tiliincdigressus
434 2719 521 2765 venitin
528 2716 627 2766 iinesJu·
663 2735 727 2774 unus,
738 2735 819 2780 nempe
830 2719 902 2766 Deus.

163 2727 215 2838 E
233 2783 534 2846 daeaeperoramJordanis:
546 2791 628 2828 etcon·
697 2788 726 2832 19
744 2785 852 2832 Mandata
864 2784 927 2838 misti,
941 2783 978 2830 Ne
994 2786 1129 2839 moecbntor‚

161 2851 221 2896 venit
239 2865 328 2897 rursum
351 2849 414 2894 turba
430 2848 457 2893 ad
474 2863 538 2893 eum:
557 2853 587 2902 et,
604 2853 630 2894 ut
662 2847 701 2894 Ne
712 2849 813 2904 occidito,
831 2849 869 2895 Ne
884 2849 976 2902 furator,
995 2849 1033 2896 Ne
1049 2849 1128 2896 salsum

161 2922 312 2968 consueverat,
324 2927 414 2958 rursum
425 2912 517 2958 docebat
528 2927 573 2956 eos.
662 2913 813 2959 testimonium
823 2913 896 2966 dicito,
908 2913 945 2958 Ne
956 2913 1037 2958 datnno
1048 2913 1129 2960 efficito

193 2981 208 3022 2
224 2977 291 3024 Tunc
298 2977 429 3024 accedentes
438 2975 551 3022 Pharisaei
558 2975 627 3021 inter·
660 2993 799 3040 quenquam,
813 2977 910 3022 Honore
925 2985 1009 3037 patrem
1028 2986 1090 3022 tuum
1107 2987 1130 3022 et

161 3039 268 3102 rogirunt
279 3056 338 3094 eurn,
350 3055 378 3086 an
390 3040 466 3086 liceret
477 3041 525 3086 viro
535 3055 627 3085 uxorem
660 3053 761 3087 matrem.
1071 3037 1077 3045 ’

161 3106 277 3160 dimittere,
290 3111 401 3151 tentantes
412 3120 471 3150 eunt.
693 3109 725 3150 20
743 3103 784 3148 Ille
801 3101 855 3148 verd
876 3101 1011 3162 respondens
1033 3101 1087 3147 dixit
1102 3103 1129 3158 ei,

192 3174 208 3214 3
227 3168 278 3230 lpse
287 3167 342 3216 verri
351 3169 486 3228 respondens
493 3167 555 3222 dixit,
566 3167 627 3221 Quid
664 3168 782 3228 iiTngisten
794 3166 848 3212 baec
860 3165 935 3211 omnia
945 3165 1059 3211 observari
1071 3165 1129 3228 ajd-

162 3234 223 3279 vobis
235 3233 349 3280 mandavit
361 3232 456 3278 Moses?
662 3239 754 3278 nntnte
764 3227 821 3276 med.

193 3301 209 3342 4
226 3297 272 3358 Ipsi
284 3307 359 3344 nutent
371 3296 480 3349 dixerunt,
490 3295 569 3341 Moses
577 3311 627 3356 per·
694 3299 722 3344 nt
742 3293 810 3343 Jesus
821 3301 894 3340 antem
910 3309 961 3339 enm
978 3291 1077 3348 intuitus,
1095 3295 1125 3342 di·

163 3362 220 3407 misit
230 3361 328 3407 iibeilum
340 3361 484 3406 abscessionis
496 3361 597 3413 scribere,
607 3367 627 3404 et
660 3359 784 3414 destiterim,
797 3366 820 3406 et
830 3359 885 3405 dixit
896 3359 923 3412 ei,
941 3357 1019 3404 Unum
1037 3367 1058 3404 te
1075 3359 1128 3406 deii·

162 3423 270 3472 dnritte're
281 3439 379 3472 urrrrem.
661 3423 706 3473 citt
724 3417 766 3477 abt,
778 3439 922 3484 quaecunque
933 3423 1000 3468 babes
1011 3423 1088 3478 vende,
1106 3435 1126 3470 et

194 3493 209 3536 5
226 3488 292 3535 Tunc
304 3487 519 3549 respondenchsns,
528 3487 628 3540 dixiteis‚
663 3490 691 3535 da
701 3489 846 3550 pauperibus3
863 3495 886 3533 et
897 3487 985 3532 habebis
1002 3487 1126 3534 thesaurum

166 3550 209 3598 Pro
219 3551 300 3600 duritiei
311 3553 384 3599 cordis
399 3553 467 3598 vestri
484 3553 571 3614 scripsit
587 3568 628 3598 vo·
663 3554 684 3598 in
697 3555 772 3600 coclor
791 3559 815 3600 et
825 3553 882 3605 veni,
895 3567 1039 3612 sequererne,
1057 3554 1126 3600 subbr-

164 3617 195 3663 bis
206 3618 335 3663 mandatum
346 3616 417 3663 istud:
663 3615 687 3662 tri
696 3619 721 3662 ι’1ι
733 3619 837 3662 bumeros
847 3631 919 3661 cruce.

194 3686 209 3727 6
227 3681 249 3727 Α
260 3681 369 3742 principio
381 3677 434 3726 verb
445 3681 561 3726 creationis
570 3696 628 3726 nns-
696 3685 727 3726 22
745 3679 786 3726 lile
795 3676 848 3726 verb
856 3686 954 3727 moestus
962 3679 1032 3728 factus
1040 3689 1126 3744 propter

166 3745 235 3790 cuium
247 3753 270 3791 et
280 3745 401 3790 foeminam
412 3743 465 3790 iecit
478 3743 549 3790 Deus.
664 3747 722 3792 bunc
745 3759 877 3797 sermonem,
899 3745 950 3792 noiit
971 3747 1124 3792 contristatus

196 3805 351 3870 t'i'ropteren
374 3807 482 3914 rei‘pnqrret
504 3809 570 3854 homo
590 3823 628 3869 pa·
665 3810 755 3856 babebat
766 3810 824 3856 enim
836 3810 986 3870 possessiones
998 3811 1086 3856 multos.

389 3887 403 3914 ι’)
