2720 4312
567 379 674 428 PAULI
694 380 867 432 EPlSTOLh

336 449 346 476 Ι

224 483 321 536 audiui
339 487 491 534 deducendum
507 495 590 543 curato,
608 487 689 548 nequid
720 487 804 534 infide.
839 487 917 535 Gratia
933 489 977 535 Dei
983 491 1013 535 ar't
1022 505 1073 536 cum
1083 491 1183 537 ommluu

223 553 264 599 illia
275 553 339 600 desit.
721 553 790 598 vobis.
825 551 907 598 Arnen.

258 620 287 663 14
304 615 399 663 Discunt
410 622 484 662 autem
495 615 561 662 etiam
571 616 640 661 nostri
648 616 688 662 be·

224 677 688 742 udageudopmeireadoecessariorusus,
722 678 760 727 hu
782 679 866 734 Titum,
888 681 925 740 qui
942 679 1183 742 primusCretensium

224 753 246 792 ut
259 760 303 790 non
315 744 359 790 sint
369 743 454 790 fructus
465 751 573 804 expertes.
753 744 858 790 ecclesiae
877 745 990 792 ordinatus
1006 745 1048 791 suit
1064 746 1184 808 episcopua

258 810 286 854 15
314 808 416 854 Salutant
436 813 460 854 te
480 807 518 868 qui
534 822 621 854 mecum
637 813 690 854 sunt
754 807 989 872 scriptaemeopoli
1002 809 1156 858 Macedoniae.

223 886 307 920 muas
342 871 419 920 suro
428 887 468 918 eos
484 870 522 933 qul
538 871 633 935 diligunt
649 887 692 920 noa

371 1260 515 1322 PAULI
541 1260 777 1322 APOSTOLI
803 1262 1035 1339 EPISTQLA

498 1380 558 1438 AD
577 1377 915 1440 PHILEMONEM.

393 1523 468 1573 chP.
497 1523 517 1572 l.
754 1526 871 1583 12Quem
880 1528 967 1576 remisi:
982 1535 1006 1576 tu
1015 1537 1088 1576 autem
1097 1529 1189 1586 eumssin

278 1587 497 1651 AULUScaptivus
506 1587 589 1637 Christi
596 1588 688 1644 Jesuet
718 1599 759 1646 est,
770 1591 856 1639 viscera
866 1608 921 1647 mea,
933 1593 1023 1655 excipec

293 1653 424 1700 Timotheus
435 1653 509 1709 frater,
519 1653 643 1700 Philemoni
653 1656 687 1701 di-
721 1647 731 1664 ⁹
754 1659 785 1701 1³
801 1655 876 1710 Quem
890 1672 935 1718 ego
949 1657 1063 1719 cupiebam
1077 1658 1136 1720 apud
1150 1673 1187 1706 rue

222 1718 280 1766 tacto
290 1725 313 1764 et
323 1717 417 1780 adjutori
429 1725 512 1765 nostro.
721 1719 822 1775 retinere,
834 1727 858 1766 ut
869 1737 910 1782 pro
921 1729 944 1767 te
954 1722 1088 1768 ministraret
1099 1723 1153 1768 mihi
1162 1723 1184 1770 in

254 1788 270 1829 2
286 1782 318 1830 Et
328 1781 428 1845 Apphiae
436 1783 534 1837 dilectae,
543 1789 566 1828 et
575 1781 689 1844 Archippo
720 1784 816 1830 viucuhs
827 1784 952 1846 evangelii:

222 1848 366 1894 commilitoni
378 1857 461 1904 nostro,
472 1855 496 1895 et
511 1847 617 1894 ecclesiae
634 1863 689 1908 quae
755 1846 785 1892 14
802 1847 846 1894 Sed
857 1850 938 1910 absque
953 1845 991 1895 tud
1007 1845 1116 1895 sententiis
1132 1849 1187 1896 nihil

223 1913 281 1959 domi
293 1917 402 1968 tuaees13
721 1911 782 1958 volui
793 1911 872 1966 secere,
884 1921 909 1958 ut
920 1929 965 1960 non
976 1912 1037 1959 velut
1048 1929 1077 1959 ex
1088 1915 1186 1960 necessi·

255 1981 272 2022 δ
290 1976 368 2023 Gratia
378 1977 408 2022 sit
421 1975 484 2022 vobis
500 1981 523 2022 et
539 1990 588 2037 pax,
606 1971 619 2021 d
637 1974 690 2021 Deo
722 1981 768 2021 tate
778 1976 807 2021 sit
816 1976 946 2023 beneficium
964 1986 1033 2032 tuum,
1049 1977 1088 2024 sed
1106 1978 1186 2024 volun·

224 2039 291 2086 Patre
305 2047 382 2085 nostro
393 2049 416 2086 et
428 2039 529 2086 Domino
540 2038 595 2087 Jesu
609 2037 688 2088 Chris·
722 2039 809 2086 tarium.

224 2112 254 2150 to,
754 2106 783 2150 15
803 2102 886 2164 Utique
901 2105 960 2151 enirn
979 2111 1095 2166 propterea
1111 2121 1184 2151 semo·

254 2171 270 2212 4
291 2165 380 2213 Gratias
396 2181 440 2228 ago
456 2164 510 2212 Deo
526 2181 583 2221 meo,
601 2182 688 2228 semper
719 2173 756 2213 tus
766 2166 808 2212 suit
824 2169 863 2214 aba
879 2176 902 2215 te
917 2169 945 2214 ad
961 2176 1054 2230 tempus,
1067 2178 1091 2215 ut
1106 2161 1186 2218 eumd

223 2231 358 2278 mentionem
385 2231 417 2277 tui
438 2230 522 2278 faciem
543 2231 566 2277 in
588 2233 688 2294 precihus
720 2247 755 2278 me
766 2241 896 2292 perpetuum
907 2233 1013 2293 recipias;

222 2296 291 2352 meis3
755 2299 784 2342 16
801 2295 856 2342 Nou
866 2297 915 2358 jam
928 2304 954 2342 ut
968 2311 1063 2350 serrum,
1080 2297 1120 2342 sed
1137 2312 1186 2343 arn-

254 2362 270 2408 5
288 2355 357 2413 Quid
371 2358 458 2406 audiam
475 2364 535 2406 tuam
551 2359 687 2414 charitatem,
720 2355 778 2422 plids
795 2356 861 2420 quim
879 2375 975 2414 servum.
993 2359 1083 2406 fratrem
1102 2363 1186 2408 uideli-

222 2439 248 2471 ιε
259 2423 324 2470 tidem
336 2439 402 2485 quam
412 2424 480 2471 habes
493 2439 548 2486 erga
562 2423 688 2470 Dominum
720 2431 755 2471 cet
772 2423 883 2478 dilectum,
903 2419 1001 2472 maxime
1022 2424 1082 2479 mihi,
1102 2423 1186 2485 quantd

222 2487 308 2539 Jesum.
319 2494 343 2534 et
353 2503 409 2549 erga
418 2503 497 2534 omnes
508 2495 609 2535 sanctos:
719 2494 793 2534 autem
810 2489 882 2551 magis
900 2489 938 2534 tibi
955 2496 978 2535 et
993 2489 1016 2534 iu
1035 2504 1101 2534 carne
1118 2497 1141 2536 et
1163 2491 1185 2536 in

255 2557 270 2598 6
289 2551 323 2598 Ut
333 2551 505 2598 communicatio
515 2551 565 2598 fidei
577 2560 627 2598 tuae
638 2551 686 2597 effi·
719 2550 840 2598 Domino?
1137 2594 1148 2600 .

222 2629 265 2660 cax
285 2614 324 2660 hat
345 2615 459 2676 agnitione
480 2616 552 2661 omnis
573 2617 621 2676 ejus
635 2615 687 2662 boui
755 2619 783 2664 17
801 2614 880 2678 ltaque
891 2616 908 2662 si
920 2631 956 2663 me
967 2616 1051 2662 socium
1063 2617 1135 2671 habea,
1145 2631 1185 2663 ex-

222 2679 281 2738 quod
292 2685 326 2724 est
342 2679 365 2724 in
381 2679 443 2724 vobis
457 2694 497 2738 per
515 2677 629 2726 Christum
646 2678 687 2727 Je·
720 2679 769 2742 cipe
778 2695 830 2726 eum
842 2689 947 2741 tanquam
958 2696 1001 2727 me.

223 2757 279 2787 sum.
375 2757 376 2760 ¹
755 2747 784 2790 18
802 2741 870 2798 Quod
881 2746 953 2805 siquid
968 2745 1032 2792 laesit
1046 2752 1074 2799 te,
1092 2752 1130 2791 aut
1146 2745 1185 2792 de·

255 2808 269 2852 7
289 2803 400 2850 Gaudium
411 2804 470 2848 enim
479 2804 584 2850 habemus
593 2805 688 2852 multum
720 2808 764 2862 bet,
775 2809 818 2854 hoc
828 2809 882 2855 mihi
893 2808 1009 2871 imputato.

223 2877 245 2914 et
256 2868 429 2914 consolationem
442 2883 508 2929 super
518 2869 635 2916 dilectione
644 2867 688 2926 tud,
756 2876 785 2920 19
802 2872 855 2934 Ego
868 2872 952 2920 Paulus
962 2872 1039 2935 scripsi
1050 2869 1101 2918 med
1111 2888 1186 2928 manti,

223 2930 281 2994 quid
306 2933 390 2978 viscera
414 2941 541 2979 sanctorum
566 2933 695 2981 refocillata.
720 2951 764 2998 ego
783 2936 924 2997 dependam:
954 2945 979 2983 ut
999 2953 1026 2983 ne
1048 2938 1085 2983 tibi
1107 2937 1185 2992 dicam,

223 3004 275 3044 runt
285 3013 324 3060 per
335 3005 364 3052 te,
373 2995 449 3043 frater.
720 2997 780 3062 qudd
790 3001 885 3062 teipsum
896 2999 962 3048 etiam
975 3001 1029 3047 mihi
1046 3001 1136 3064 insuper
1146 3001 1185 3048 de·

256 3066 272 3108 8
289 3062 437 3123 Quapropter.
448 3061 549 3122 quamtis
560 3062 651 3109 multam
665 3063 688 3109 in
720 3065 780 3111 beas.

224 3125 316 3174 Christo
327 3127 448 3173 libertatem
460 3127 553 3174 habeam
570 3127 689 3174 mandandi
754 3132 786 3174 20
802 3127 886 3182 Etiam,
898 3127 972 3183 frater,
987 3129 1049 3176 huuc
1066 3144 1110 3192 ego
1125 3128 1186 3174 fruc·

225 3191 260 3238 tibi
271 3191 330 3252 quod
341 3190 407 3237 officii
419 3191 450 3236 tui
461 3198 511 3247 est3
721 3198 769 3239 tum
793 3193 832 3239 aba
854 3199 877 3239 te
900 3207 1023 3254 consequar
1049 3193 1071 3238 in
1102 3191 1186 3239 Domi·

255 3261 270 3302 9
286 3257 372 3302 Tamen
380 3264 471 3316 propter
477 3255 605 3302 charitatem
612 3251 686 3316 potiris
721 3271 766 3303 uos
791 3255 889 3303 refocilla
904 3271 954 3303 mea
964 3259 1051 3304 viscera
1066 3257 1089 3302 in
1102 3256 1186 3303 Douri-

224 3334 307 3381 precor.
319 3334 388 3380 quum
402 3318 452 3364 talis
467 3319 516 3374 sim,
532 3335 611 3381 nempe
627 3318 687 3366 Pau·
721 3335 758 3367 no.

224 3384 257 3429 lua
268 3397 343 3436 senex,
356 3394 415 3428 nunc
426 3389 500 3429 autem
511 3383 577 3430 etiarn
588 3383 689 3444 captiuus
754 3389 782 3431 ut
803 3383 884 3446 Scripsi
896 3384 941 3438 tibi,
953 3383 1050 3431 confisus
1066 3383 1114 3431 lore
1126 3392 1149 3430 ut
1161 3393 1187 3430 tu

227 3445 278 3496 lesu
291 3445 388 3494 Christi:
720 3464 756 3496 ne
767 3449 847 3502 audias.
860 3455 884 3494 ut
903 3449 939 3510 qui
958 3447 1030 3494 ndrirn
1046 3455 1069 3495 te
1085 3464 1151 3511 supra
1165 3449 1187 3494 id

258 3514 287 3556 10
305 3510 389 3557 Precor
407 3517 480 3556 autem
503 3527 543 3572 pro
564 3510 610 3558 tilio
631 3526 688 3566 meo,
720 3513 787 3560 etiam
798 3513 857 3573 quod
868 3513 918 3558 dico
928 3512 1039 3559 iacturum
1050 3529 1105 3559 esse.

226 3589 289 3634 prem
309 3575 378 3636 genui
397 3575 420 3620 in
436 3575 530 3622 vinculis
546 3577 608 3630 meis,
626 3575 688 3622 One·
754 3581 785 3622 22
803 3576 874 3624 Simul
889 3585 963 3623 autem
981 3577 1047 3624 etiam
1065 3591 1118 3638 para
1133 3577 1187 3622 mihi

224 3639 294 3694 sitnm
722 3640 841 3703 hospitium
851 3657 857 3687 r
877 3656 941 3702 spero
950 3641 1009 3686 enirn
1021 3657 1058 3688 me
1065 3657 1105 3703 per
1111 3656 1186 3703 precer

258 3705 284 3746 11
304 3699 424 3754 Quondam
436 3702 474 3746 tibi
483 3703 560 3755 inutili,
568 3719 627 3750 nunc
636 3700 690 3750 verd
722 3711 807 3752 vestras
819 3706 924 3751 donnum
935 3705 961 3750 iri
973 3705 1042 3752 vobis.

223 3771 262 3812 ubi
271 3770 294 3810 et
305 3762 357 3807 mihi
369 3763 498 3870 perutilii44
755 3773 787 3814 ‘’..3
804 3768 905 3815 Salutant
917 3779 945 3822 te,
956 3767 1071 3830 Epaphras
1081 3765 1186 3822 (meursio
