2756 4320
559 430 672 486 acra,
694 429 792 496 xxiv.

172 540 286 586 ¹ananias
305 553 357 584 cum
373 538 505 592 senioribus,
519 545 542 583 et
553 537 654 585 Tertullo
667 531 772 584 ‘credam
789 539 890 584 omnibus
906 554 962 600 qaae
978 539 1000 586 in
1018 539 1068 601 lege
1085 545 1107 586 at
1125 544 1147 586 tn

186 603 280 662 quodam
301 611 406 658 oratore3
426 602 464 661 qui
484 609 654 662 comparuerunt
684 603 796 663 prophetis
807 603 887 662 scripta
897 611 965 650 suut:

188 681 259 712 soram
271 666 372 726 praeside
382 672 463 711 contra
476 664 578 711 Paulum.
718 669 747 712 15
765 668 798 712 Et
809 681 870 727 spem
884 668 974 714 habeam
986 666 1008 712 in
1021 665 1080 719 Deo,
1091 665 1145 720 fore,

218 734 233 774 2
251 727 329 776 Citato
341 730 408 790 igitur
420 745 454 783 eo,
466 731 540 790 coepit
550 745 652 776 accusare
687 745 749 789 quam
762 731 827 775 etiam
839 731 853 774 ii
864 731 904 790 ipsi
921 739 1054 791 exspectant,
1073 746 1144 777 resur·

188 792 309 846 Tertullus,
321 793 404 846 dicens,
619 835 621 842 ,
686 795 805 838 rectionem
816 802 960 848 mortuorum,
974 803 1019 842 turn
1026 795 1146 855 justorum,

219 861 235 902 ³
252 856 330 902 Multa
341 871 380 902 nos
391 871 445 916 pace
461 857 526 916 potiri
543 864 620 916 perte,
633 863 655 901 et
685 865 732 901 tum
744 858 882 916 injustorum.

115 960 117 968 ,
189 935 281 980 aaqrae
292 915 493 965 rectdacfeliciter
508 919 530 964 in
547 921 654 980 haegen·
719 923 749 966 16
767 919 856 965 Interea
870 917 923 966 verb
939 921 985 980 ipse
1000 936 1035 966 me
1047 937 1147 976 exerceo,

190 991 210 1030 te
222 981 340 1044 pudentii
355 980 394 1028 tufa
409 990 474 1043 gesta
489 993 547 1036 sunt,
564 999 654 1044 prorsus
685 983 712 1028 ad
731 984 888 1028 conscientiam
907 985 1028 1029 habendam
1046 986 1093 1030 sine
1112 985 1138 1032 of

189 1056 212 1094 et
233 1048 314 1106 ubique
341 1047 490 1106 agnoscimus,
512 1047 653 1106 praestantis·
685 1046 797 1092 fendiculo
807 1047 865 1107 apud
877 1046 953 1092 Deum
969 1054 992 1092 et
1008 1049 1065 1108 apud
1076 1049 1143 1094 homi·

190 1111 246 1156 rime
257 1109 333 1164 Felix,
345 1125 396 1154 cum
412 1111 472 1155 omni
483 1111 603 1170 gratiarum
617 1126 654 1156 ac-
686 1125 726 1154 nes
735 1125 827 1169 semper.

191 1175 258 1220 tione.
721 1175 749 1219 17
768 1172 870 1218 Pluribus
881 1180 954 1218 autem
968 1174 1030 1219 annis
1047 1174 1146 1235 interjec-

223 1235 294 1283 4Ne
304 1233 358 1283 verri
375 1243 398 1282 te
414 1234 495 1284 diutids
512 1237 654 1297 interpellem,
686 1237 721 1290 tis,
728 1237 779 1282 veui
785 1236 936 1296 eleemosynas
944 1237 1086 1298 praestiturus
1091 1254 1146 1299 gen·

191 1316 269 1358 precor
280 1308 302 1346 te
314 1306 339 1346 ut
349 1301 424 1346 audias
433 1315 473 1346 nos
484 1301 558 1362 paucis
569 1317 609 1362 pro
619 1298 656 1348 tuh
686 1301 703 1346 ti
714 1315 783 1354 meae,
794 1307 817 1346 et
830 1300 957 1346 oblationes.

190 1366 307 1424 aequitate.
721 1367 750 1408 18
768 1362 893 1424 lnterquae
900 1365 1031 1410 invenerunt
1040 1379 1075 1410 me
1084 1381 1142 1412 sanc·

223 1431 239 1474 5
257 1426 412 1488 Comperimus
430 1427 489 1472 enim
509 1429 580 1472 virum
597 1428 656 1474 hunc
686 1426 792 1473 tificatum
804 1428 826 1474 in
843 1428 932 1488 templo,
950 1444 994 1474 non
1009 1437 1147 1476 tamencum

190 1507 237 1538 esre
247 1499 339 1552 pestem,
348 1499 370 1536 et
378 1491 415 1550 qui
427 1497 515 1537 moveat
526 1491 655 1538 seditionem
686 1487 755 1544 turba,
768 1507 841 1552 neque
848 1507 898 1538 cum
910 1493 1012 1547 tumultu,
1022 1493 1109 1553 quidam
1119 1508 1147 1540 ex

190 1555 293 1600 omnibus
308 1553 400 1602 Judaeis
419 1570 458 1615 per
474 1555 601 1601 universum
618 1569 654 1600 or·
687 1553 744 1600 Asia
754 1555 848 1603 ludaei:

189 1620 247 1672 bem,
259 1626 282 1664 et
295 1619 416 1679 principem
433 1627 505 1664 sectae
522 1617 654 1666 Nazareno·
720 1622 750 1665 19
767 1619 831 1672 Quos
843 1620 940 1680 oportuit
955 1621 1012 1680 apud
1029 1628 1051 1666 te
1065 1621 1147 1670 adesse.

191 1699 255 1728 rum:
293 1709 308 1738 ,ι
685 1691 708 1728 et
719 1697 826 1736 accusare,
836 1684 907 1743 siquid
918 1685 1021 1730 haberent
1032 1683 1148 1730 adversum

223 1751 238 1792 6
256 1745 303 1798 Qut
326 1745 432 1806 templum
454 1761 541 1805 quoque
562 1747 656 1793 tentavit
687 1761 729 1790 me.

191 1809 322 1870 profanare:
350 1809 372 1854 in
390 1823 456 1868 quem
475 1811 541 1854 etiam
559 1811 654 1870 prehen·
719 1813 750 1854 20
767 1808 815 1854 Aut
825 1809 847 1854 hi
858 1809 898 1868 ipsi
908 1809 980 1856 dicant
992 1809 1075 1868 siquod
1086 1825 1148 1855 com·

191 1889 240 1919 sum
252 1873 363 1919 voluimus
374 1870 495 1918 secundam
511 1872 584 1934 legem
601 1889 654 1920 nos·
686 1881 790 1932 pererunt
801 1873 823 1918 in
835 1887 871 1918 me
885 1868 964 1931 injuste
980 1871 1069 1926 factum,
1081 1888 1147 1932 quum
1201 1871 1203 1875 ’

191 1950 247 1983 tram
254 1937 363 1998 judicium
374 1935 448 1991 ferre3
686 1951 730 1996 ego
742 1943 821 1981 starem
833 1936 855 1980 in
867 1951 988 1982 consessu:

223 2004 239 2047 7
257 2001 302 2046 Sed
307 2000 456 2045 interveniens
462 2000 561 2046 tribunus
568 1999 654 2060 Lysias,
719 2001 747 2044 21
767 1997 818 2046 Nisi
829 2000 908 2045 dehac
922 1996 965 2044 una
976 2014 1038 2052 voce,
1049 1995 1093 2059 qud
1103 1999 1148 2046 cla·

191 2080 243 2110 cum
258 2061 340 2124 magnai
356 2063 378 2108 vi
395 2063 484 2108 abduxit
500 2079 551 2108 eum
560 2080 573 2109 e
583 2064 655 2110 mani-
686 2063 751 2116 mavi,
762 2079 830 2122 quum
841 2063 948 2108 intereos
963 2071 1049 2116 starem,
1063 2063 1101 2109 De
1113 2080 1147 2110 re·

192 2141 232 2175 eus
243 2129 341 2173 nostris:
686 2128 821 2174 surrectione
837 2135 974 2173 mortuorum
990 2142 1033 2189 ego
1049 2128 1073 2173 in
1087 2129 1148 2190 judi·

225 2195 239 2236 8
256 2190 329 2238 Jussis
341 2190 408 2252 ipsius
423 2191 584 2238 accusatoribus
595 2193 622 2238 ad
633 2198 656 2237 te
687 2191 745 2236 cium
756 2207 825 2236 vocor
836 2191 899 2236 hodie
911 2206 924 2237 a
935 2191 1003 2236 vobis.

192 2255 284 2309 venire;
302 2268 330 2299 ex
341 2253 385 2314 q'uo
401 2255 484 2314 poteris
499 2256 551 2314 ipse,
563 2255 655 2314 inquisi·
719 2257 750 2298 22
767 2255 880 2315 {Auditis
891 2261 964 2298 autern
975 2255 1016 2307 his,
1028 2253 1093 2299 Felix
1104 2255 1147 2300 dis·

191 2319 253 2364 tione
274 2315 354 2370 amitt,
371 2318 398 2362 de
420 2319 521 2364 omnibus
536 2318 584 2364 istis
600 2335 655 2379 cog·
687 2317 737 2362 tulit
753 2331 797 2370 eos,
816 2317 937 2375 Postquam
953 2314 1082 2376 exquisitius
1097 2333 1148 2377 per-

119 2401 124 2406 ·
192 2397 290 2435 noscere,
307 2381 335 2426 de
351 2381 428 2441 quibus
445 2397 486 2426 nos
498 2397 549 2427 eum
565 2397 655 2430 accusa·
688 2395 772 2425 novero
783 2395 838 2439 quae
849 2380 877 2425 ad
889 2379 1020 2425 mamistam
1031 2381 1148 2440 pertinent,

193 2459 250 2490 mus.
687 2444 794 2502 inquiens,
812 2457 880 2502 quum
900 2443 999 2488 tribunus
1014 2441 1095 2502 Lysias
1109 2445 1149 2490 de·

226 2514 241 2555 9
258 2505 426 2555 Consenserunt
441 2515 513 2554 autern
530 2509 596 2554 etiam
612 2509 655 2556 Ju-
687 2507 802 2561 scenderit,
818 2520 947 2569 pernoscam
964 2513 1061 2552 vestrum
1078 2522 1147 2569 nego·

114 2565 118 2572 ’
194 2571 252 2625 daei*
261 2573 344 2618 aientes
355 2572 409 2616 haec
420 2571 450 2617 ita
461 2587 485 2616 se
496 2573 581 2621 habere.
690 2571 752 2616 tium.

228 2639 257 2681 10
284 2635 441 2696 JRespondir
467 2643 540 2682 autem
566 2635 655 2689 Paulus,
720 2639 751 2680 25
768 2634 849 2680 Edicto
861 2634 926 2680 etiam
937 2634 1059 2682 centurioni
1069 2643 1093 2682 ut
1102 2651 1147 2682 ser·

195 2713 260 2758 quum
272 2698 380 2744 induisset
390 2699 411 2743 ei
422 2713 509 2758 praeses
520 2707 544 2744 ut
555 2699 655 2758 loquere·
687 2707 776 2744 veretur
788 2699 877 2754 Paulus,
894 2714 919 2745 ae
937 2699 1052 2755 laxaretur,
1068 2708 1091 2746 et
1109 2716 1148 2746 ne·

195 2769 237 2815 tur,
250 2761 311 2815 Quia
322 2769 368 2806 tea
378 2762 453 2807 multis
469 2764 531 2807 aunis
542 2763 577 2808 isti
594 2763 656 2823 genti
687 2763 735 2821 quis
746 2765 896 2824 prohiberetur
909 2764 1021 2825 exipsius
1037 2765 1148 2811 familiari·

195 2825 312 2886 praefuisse
320 2825 373 2876 scio,
379 2822 406 2870 ed
412 2825 594 2871 alacrioreanimo
601 2842 657 2886 quae
686 2826 726 2872 bus
738 2828 757 2872 ei
768 2828 897 2881 ministrare,
909 2836 947 2874 aut
957 2844 1008 2874 eum
1019 2829 1084 2874 adire

194 2890 269 2935 adme
279 2890 421 2949 attinentpro
432 2889 473 2934 mei
486 2889 611 2935 defensioue
622 2891 656 2935 di-
719 2894 752 2935 24
767 2892 885 2950 {Aliquot
903 2899 976 2936 autern
998 2900 1049 2952 post
1067 2893 1148 2946 diebus,

197 2967 251 3000 cem.
365 2980 371 3005 t
687 2967 754 3013 quum
766 2954 890 2999 advenisset
902 2953 966 2998 Felix
981 2969 1031 2999 curn
1049 2954 1149 3003 Drusilla

229 3019 253 3060 ll
276 3015 352 3068 Quum
372 3021 397 3061 tu
418 3016 488 3075 possis
507 3016 587 3062 certior
604 3015 656 3072 fieri,
687 3032 757 3063 uxore
768 3013 813 3069 suti,
825 3031 880 3075 quae
896 3023 943 3060 erat
953 3015 1044 3068 Judaea,
1056 3019 1149 3062 accersi·

197 3093 239 3124 non
262 3080 335 3140 plures
352 3085 440 3126 exactos
461 3095 509 3126 esse
528 3081 574 3125 dies
591 3077 657 3140 quam
687 3081 721 3126 vit
738 3078 839 3130 Paulum,
856 3084 879 3122 et
896 3077 978 3122 audivit
996 3093 1047 3123 eum
1064 3078 1150 3128 deiide

197 3142 318 3196 duodecim,
329 3157 359 3188 ex
369 3157 413 3200 quo
424 3144 510 3188 ascendi
523 3142 657 3204 Hierosoly·
687 3157 744 3203 quae
755 3141 821 3186 estin
834 3138 954 3186 Christum.

199 3219 255 3250 mam
267 3206 405 3252 adoraturus.
547 3203 554 3208 ’
721 3209 752 3250 25
770 3203 900 3250 Disserente
916 3210 988 3248 autern
1000 3202 1048 3262 ipso
1059 3202 1086 3248 de
1098 3205 1148 3266 jus.

231 3272 260 3314 12
278 3268 358 3328 Neque
370 3263 422 3314 verb
438 3283 474 3314 me
490 3269 512 3314 in
529 3269 611 3329 templo
622 3269 658 3314 in·
688 3265 742 3322 titia
754 3275 776 3312 et
787 3263 927 3318 continendi,
939 3274 962 3312 et
977 3265 1057 3329 judicio
1068 3266 1149 3323 tuturo,

199 3339 304 3378 venerunt
315 3331 366 3378 cum
377 3331 449 3391 aliquo
460 3333 609 3390 disserentem,
621 3339 659 3379 aut
689 3330 844 3393 expavefactus
871 3329 941 3382 Felix,
969 3330 1087 3390 respondit,
1116 3331 1150 3380 Ut

199 3395 313 3441 coitionem
325 3395 400 3452 turbae
410 3394 532 3449 facientem,
550 3410 620 3455 neque
636 3395 659 3442 in
689 3411 748 3441 nuuc
760 3410 783 3440 se
792 3409 827 3439 res
835 3394 919 3446 habent,
929 3393 978 3440 abi:
998 3395 1139 3452 opportunitas

199 3460 325 3518 timagogis,
336 3459 520 3518 Quoiam&
690 3466 734 3504 tem
746 3465 819 3504 autem
831 3464 907 3502 nactus
919 3471 1028 3502 accersam
1040 3463 1068 3502 te.
1157 3459 1160 3468 '

232 3525 261 3566 15
278 3522 358 3581 Neque
373 3522 464 3581 probare
480 3528 572 3582 possunt
588 3536 620 3576 ea,
631 3521 659 3568 de
722 3526 753 3567 26
771 3520 841 3566 Simul
854 3527 876 3566 et
892 3519 945 3565 illud
961 3534 1056 3578 sperans,
1067 3520 1115 3568 fore
1125 3537 1149 3570 ur

201 3584 275 3642 quibus
287 3600 345 3630 nunc
357 3599 392 3630 me
403 3593 514 3630 accusant.
689 3584 782 3648 pecunia
795 3584 835 3644 ipsi
852 3583 940 3628 daretur
950 3597 963 3628 a
975 3581 1051 3638 Paulo,
1064 3593 1088 3630 ut
1098 3602 1149 3633 eum

207 3677 208 3680 =
233 3651 262 3692 14
280 3647 332 3694 Hoc
341 3644 438 3692 verdtibi
450 3647 526 3701 fateor,
536 3662 658 3692 ruesecun·
690 3647 1149 3704 uinculiscxsolveret:quamobremetiam
1215 3689 1226 3700 „

201 3705 250 3755 ihm
267 3711 325 3756 riam
342 3710 408 3763 illam,
427 3725 492 3769 quam
510 3711 608 3756 haeresin
625 3711 658 3754 di·
689 3707 824 3768 frequmtids
841 3724 891 3754 eum
907 3724 1026 3764 accersens,
1038 3713 1151 3777 colloque.

203 3779 259 3827 aaut
275 3775 306 3822 lta
323 3775 405 3821 servire
422 3775 492 3880 pqtg‘iio
511 3773 568 3822 ileo.
582 3780 605 3818 ut
622 3772 658 3834 qui
689 3775 750 3819 batur
764 3788 814 3818 curn
825 3789 858 3819 eo.
908 3826 922 3872 8
