2756 4320
596 397 711 454 ACTA,
734 396 820 446 Xllll.

234 518 312 553 aunum
323 511 346 551 et
356 504 442 560 milites,
453 501 567 552 cessirunt
575 504 690 552 verberare
750 506 766 551 ⁵
783 501 818 550 Ut
836 509 859 549 et
880 501 980 565 pontifex
997 501 1107 548 maximus
1124 502 1179 550 mit·

233 567 333 615 Paulum.
616 575 624 594 ·
718 568 781 614 testis
791 574 832 621 eat,
847 573 870 613 et
881 575 940 614 totus
951 567 1062 614 seniorum
1073 566 1146 622 crdo;
1168 581 1182 614 ι

261 636 294 678 3³
309 630 375 677 Tunc
395 631 571 692 appropinquans
590 631 690 678 tribunus
719 631 797 692 quibus
807 631 874 677 etiam
885 631 979 691 acceptis
990 631 1018 676 ad
1028 630 1106 675 iratres
1122 629 1182 690 epis·

230 695 344 757 prehendit
354 709 411 748 eum,
428 702 451 740 et
462 697 530 756 Jussit
540 695 617 741 vinciri
628 703 689 741 cate-
719 694 777 748 tolis,
786 694 923 740 Damascum
929 693 1086 754 proficiscebar,
1098 693 1184 738 adduc·

231 760 264 806 nis
274 759 373 807 duabus:
397 765 420 804 et
434 765 575 819 percontatus
585 765 619 805 est
630 760 690 820 quis·
720 759 860 804 turusetiam
870 773 915 811 eos,
928 757 1107 818 quiillicessent,
1120 757 1183 802 rinc·
1224 783 1227 787 -

231 837 281 868 narn
291 828 356 874 esset,
367 827 391 867 et
401 822 453 881 quid
463 821 557 868 fecisset.
721 829 756 870 tos
770 821 958 884 Hierosolymam,
970 827 995 866 ut
1006 821 1142 880 punirentur.

262 889 295 930 34
311 885 357 932 Alii
368 893 441 932 autern
454 886 514 932 aliud
528 886 652 932 clamabant
668 885 691 932 in
753 889 769 932 6
787 885 870 930 Evenit
881 891 954 931 autern
966 885 1018 929 mihi
1030 885 1071 928 iter
1086 883 1184 938 facienti,

230 947 310 996 turbis
341 955 363 994 et
385 964 453 1008 quum
475 964 520 994 non
541 956 617 1011 posset
638 949 692 995 certi
721 954 745 994 et
761 949 942 1009 appropinquanti
962 947 1075 994 Damasco
1097 947 1185 993 circiter

230 1015 354 1074 quiequam
365 1027 502 1072 cognoscere
511 1021 600 1074 propter
608 1014 691 1059 tumul·
721 1013 843 1067 meridiem,
855 1019 880 1058 ut
891 1007 981 1072 repenti
991 1021 1006 1056 e
1015 1011 1077 1056 coelo
1088 1011 1186 1056 circum·

231 1082 285 1128 tusa,
292 1077 359 1138 jussit
370 1091 420 1122 eum
432 1077 481 1121 duci
492 1077 514 1122 in
526 1085 604 1122 castra.
721 1073 803 1122 fuderit
823 1091 860 1122 me
878 1076 917 1122 lux
935 1075 1005 1120 multa
1021 1082 1124 1134 tanquam
1139 1073 1187 1121 nu·

262 1144 294 1186 ³5
312 1140 390 1194 Quum
411 1140 479 1200 igitur
503 1141 638 1200 pervenisset
664 1140 693 1185 ad
722 1153 773 1201 gur.

230 1205 319 1264 padus,
336 1203 410 1250 evenit
426 1203 692 1264 utportareturamiliti·
755 1206 770 1250 7
788 1200 909 1263 Cecidique
930 1203 952 1248 in
970 1201 1048 1255 solum,
1071 1209 1094 1248 et
1113 1200 1187 1249 audivi

230 1269 270 1313 bus
281 1275 371 1328 propter
381 1267 507 1313 violentiam
519 1269 601 1313 turbae.
722 1281 802 1312 vocem
824 1267 933 1314 dicentem
954 1267 1015 1320 milri,
1039 1265 1099 1319 Saul,
1124 1265 1187 1318 Saul,

262 1335 294 1377 ³6
312 1331 447 1390 Sequebatur
458 1331 516 1376 enirn
525 1331 642 1376 multitudo
651 1347 692 1392 po·
723 1331 775 1391 quid
785 1345 821 1376 me
832 1330 988 1391 persequeris?

231 1394 275 1454 puli
286 1393 390 1447 clamans,
402 1393 467 1438 Tolle
478 1395 557 1454 ipsum.
756 1398 771 1439 8
788 1394 841 1456 Ego
848 1391 903 1439 verd
910 1394 1018 1454 respondi,
1027 1393 1084 1446 Quis
1093 1408 1123 1446 es,
1134 1392 1191 1439 Do·

263 1461 294 1502 ³7
312 1455 344 1502 Et
355 1471 423 1516 quum
434 1455 532 1501 futurum
544 1463 602 1502 esset
617 1464 642 1502 ut
657 1457 692 1502 in·
724 1457 803 1502 mine?
823 1457 931 1517 Dixitque
942 1458 1001 1510 mihi,
1020 1457 1073 1517 Ego
1084 1472 1133 1502 sum
1145 1455 1187 1503 Je=

232 1521 383 1565 traduceretur
401 1519 423 1563 in
442 1527 515 1564 castra
532 1518 621 1573 Paulus,
641 1521 694 1566 dicit
724 1535 761 1566 sus
773 1520 913 1573 Nazarenus,
929 1535 995 1581 quem
1007 1527 1031 1565 tu
1043 1521 1179 1580 persequeris

232 1584 324 1636 tribuno,
343 1581 435 1628 Licetne
451 1583 504 1627 milri
516 1583 596 1642 aliquid
607 1584 646 1629 tibi
658 1585 692 1630 di·
757 1589 771 1630 9
789 1582 861 1630 Porrd
877 1585 914 1644 qui
931 1599 1017 1630 mecum
1034 1593 1097 1628 erant
1114 1583 1186 1630 lucem

232 1646 301 1692 cere?
318 1646 365 1699 Qui
376 1645 437 1699 dixit,
451 1642 538 1692 Graeci
550 1645 623 1691 misti?
723 1643 812 1706 quiddm
826 1656 994 1708 conspexerunt,
1011 1655 1035 1692 et
1050 1646 1187 1706 expavefacti

263 1714 294 1755 58
312 1708 395 1756 Nonne
403 1717 460 1755 tues
470 1709 596 1770 Aegyptius
604 1711 647 1764 ille,
657 1711 693 1771 qui
724 1717 791 1757 sunt:
816 1727 894 1756 vocem
913 1719 986 1756 autern
1006 1726 1052 1756 non
1071 1711 1186 1757 audierunt

232 1780 283 1821 ante
303 1774 344 1819 hos
363 1774 409 1820 dies
428 1774 456 1819 ad
472 1775 600 1820 seditionem
617 1775 694 1820 conci·
723 1776 770 1835 ejus
781 1775 818 1834 qui
829 1775 958 1834 loquebatur
968 1789 1063 1819 mecum.

233 1835 283 1884 tdsti
294 1838 421 1883 eteduxisti
432 1837 455 1882 in
472 1839 582 1884 desertum
599 1845 695 1898 quatuor
759 1842 788 1883 10
806 1837 861 1883 Dixi
877 1835 937 1890 verb,
956 1837 1017 1890 Quid
1032 1837 1116 1891 faciam,
1134 1836 1187 1882 Do·

233 1901 300 1947 millia
311 1901 456 1948 sicariorum?
724 1900 800 1962 mine?
825 1901 939 1947 Dominus
957 1909 1031 1947 autern
1051 1901 1107 1945 dixit
1125 1901 1187 1954 mihi,

263 1969 296 2012 39
313 1964 379 2010 Dixit
389 1972 462 2010 sutem
476 1963 565 2018 Paulus,
579 1965 631 2026 Ego
642 1964 693 2024 qui·
725 1964 804 2025 Surge,
826 1980 851 2011 ac
870 1964 1008 2024 proficiscere
1031 1963 1185 2010 Damascum:

233 2023 283 2074 dern
295 2043 344 2072 sum
354 2027 372 2076 J
373 2029 453 2072 adaeus
465 2027 588 2081 Tarsensis,
600 2029 693 2075 urbisin
723 2035 746 2073 et
757 2028 801 2073 illic
816 2029 853 2073 tibi
870 2028 955 2074 dicetur
970 2027 998 2073 dc
1013 2028 1115 2073 omnibus
1131 2042 1187 2087 quae

234 2089 313 2138 Cilicia
324 2105 368 2136 non
380 2091 485 2135 obscenae
496 2091 564 2146 civis;
582 2089 693 2138 caeterum
723 2092 868 2138 constitutum
879 2092 962 2137 esttibi
974 2100 998 2136 ut
1008 2091 1081 2136 iacias.

233 2161 325 2216 rogote,
337 2154 439 2214 permitte
447 2153 501 2199 milri
509 2161 533 2199 ut
544 2154 642 2214 alloquar
652 2171 694 2216 po·
758 2158 784 2199 11
805 2155 882 2208 Quum
894 2153 1004 2201 verdnon
1021 2155 1117 2200 viderem
1134 2169 1188 2215 prae

233 2218 315 2279 pulum.
401 2249 405 2254 ·
723 2215 937 2279 gloriilucisillius,
954 2233 1021 2264 manu
1038 2219 1144 2264 deductus
1160 2219 1187 2264 ab

264 2285 296 2327 40
313 2281 390 2334 Quum
409 2280 476 2342 igitur
497 2281 533 2327 ille
554 2283 693 2346 permisisset,
723 2283 750 2328 iis
767 2283 804 2342 qui
821 2297 909 2328 mecum
929 2288 998 2336 erant,
1017 2281 1067 2327 veni
1088 2281 1186 2328 Damas-

234 2344 317 2392 Paulus
328 2353 388 2391 stans
399 2345 421 2390 in
430 2345 539 2406 gradibus
551 2361 617 2391 manu
626 2346 694 2392 silen·
723 2361 781 2392 cnm.

161 2444 165 2452 ,
233 2410 287 2454 tium
306 2409 426 2470 postulavit
441 2425 454 2454 a
471 2409 549 2470 plebe;
572 2417 595 2455 et
611 2425 694 2470 magno
757 2412 787 2453 12
804 2408 904 2456 Ananias
930 2417 1004 2454 autem
1031 2408 1126 2468 quidam,
1154 2409 1187 2454 vir

233 2473 407 2526 silentiofacto,
435 2473 539 2532 loquutus
563 2481 597 2520 est
618 2472 695 2534 lingui
723 2472 772 2533 pius
784 2471 905 2518 secunddm
916 2473 996 2533 legem,
1011 2473 1137 2524 testimonio
1148 2488 1187 2517 or·

236 2533 343 2588 Hebraei,
358 2536 439 2590 dicens,
467 2595 471 2604 Ι
724 2543 789 2645 adlatus
803 2537 902 2582 omnium
919 2537 967 2583 illio
984 2535 1126 2582 habitantium
1143 2535 1186 2582 Ju-

752 2615 834 2648 eorum.

373 2659 447 2708 CAP.
470 2660 556 2707 XXll.
758 2667 788 2708 13
805 2663 905 2709 Veniens
927 2663 954 2709 ad
976 2679 1018 2716 me,
1046 2669 1069 2708 et
1090 2661 1179 2707 adstans

112 2739 116 2746 ·
176 2745 178 2748 ·
234 2722 348 2836 Vllll
370 2723 449 2769 iratres
476 2735 499 2769 et
520 2733 599 2784 patres,
621 2725 695 2771 audite
724 2727 780 2770 dixit
790 2728 849 2780 mihi,
868 2727 921 2772 Saul
931 2727 1006 2778 frater,
1024 2727 1095 2785 recipe
1106 2725 1186 2771 visum.

317 2801 396 2840 meam,
403 2785 446 2846 qui
453 2801 511 2832 nunc
519 2788 576 2846 apud
585 2803 625 2832 vos
634 2801 691 2842 utor,
725 2788 758 2834 Et
768 2805 811 2850 ego
822 2791 900 2836 eodem
911 2791 949 2836 illo
959 2797 1071 2836 memento
1087 2803 1136 2834 sum
1152 2789 1187 2849 ip-

234 2850 391 2896 deiensionem.
724 2868 773 2898 sum
785 2854 883 2899 intuitus.

265 2919 280 2958 2
303 2913 393 2976 (Quum
414 2913 526 2974 audissent
547 2921 620 2959 autem
642 2930 694 2960 eum
758 2920 788 2961 14
805 2915 857 2978 lpse
868 2925 941 2962 autem
953 2916 1013 2971 dixit,
1027 2915 1091 2962 Deus
1099 2922 1187 2976 patrum

234 2975 338 3024 Hebraei
350 2975 427 3038 lingui
442 2977 502 3038 ipsos
518 2977 605 3037 alloqui,
623 2980 694 3040 magis
724 2988 851 3026 nostrorum
862 2981 986 3041 designavit
997 2989 1019 3025 te
1035 2980 1071 3040 qui
1088 2994 1188 3039 cognos-

233 3043 376 3090 araebuerunt
398 3057 422 3088 ae
443 3042 545 3102 quietos;
574 3044 623 3101 ipse
641 3040 694 3089 veni
724 3059 785 3089 ceres
804 3044 873 3104 ipsius
894 3045 1038 3096 voluntatem,
1056 3050 1079 3088 et
1099 3043 1188 3088 videres

233 3107 288 3152 dixit
298 3103 350 3164 eia)
723 3106 814 3153 Justum
831 3107 900 3162 illum,
918 3115 941 3153 et
957 3107 1043 3153 audires
1061 3121 1138 3152 vocem
1156 3121 1187 3152 ex

264 3174 281 3214 3
298 3169 351 3230 Ego
359 3165 447 3229 quiddm
456 3185 504 3214 sum
513 3169 530 3217 J
531 3169 618 3222 udaeus,
630 3177 694 3215 natus
724 3186 763 3216 ore
773 3171 848 3231 ipsius.

233 3232 305 3286 Tarsi,
316 3249 375 3293 qnae
385 3234 438 3278 urbs
449 3241 480 3278 est
491 3232 587 3286 Ciliciae,
600 3229 694 3278 nirtritus
758 3237 788 3280 15
805 3234 865 3281 Nam
877 3234 920 3281 eris
931 3235 950 3280 ei
961 3234 1024 3280 testis
1035 3233 1091 3293 apud
1108 3247 1188 3280 ornnes

234 3297 286 3342 sero*
306 3297 329 3340 in
351 3297 391 3340 hac
412 3293 460 3354 ipsai
481 3297 533 3340 urbe
552 3297 609 3356 apud
628 3297 694 3355 pedes
724 3297 824 3344 homines
843 3313 920 3344 eorum
938 3313 994 3358 quae
1013 3297 1085 3342 sidisti
1105 3305 1128 3342 et
1146 3311 1184 3342 au*

234 3358 368 3412 Gamalielis,
391 3359 504 3407 institutus
519 3359 547 3404 ad
563 3359 693 3417 exquisitam
724 3361 781 3406 disti.

233 3421 326 3468 iormam
344 3421 425 3481 patriae
442 3421 505 3482 legis,
525 3421 576 3468 zelo
591 3422 638 3467 Dei
655 3438 692 3468 ac·
757 3428 787 3470 16
804 3424 835 3470 Et
847 3439 906 3470 nunc
917 3423 969 3484 quid
985 3421 1114 3468 cunctaris?
1135 3437 1185 3468 sut·

232 3499 318 3536 census,
330 3486 387 3530 sicut
397 3492 420 3530 et
429 3499 469 3530 vos
477 3499 554 3530 omnes
560 3486 613 3530 estis
621 3486 692 3532 hodie.
723 3501 779 3547 gens
798 3489 928 3548 baptizator,
944 3493 970 3532 'et
988 3487 1082 3532 abluitur
1100 3501 1115 3532 a
1132 3501 1187 3546 peo-

264 3547 343 3600 4Qui
365 3549 422 3593 hanc
443 3555 525 3593 sectam
547 3563 596 3593 sum
617 3564 692 3608 perse·
723 3551 777 3595 catis
786 3553 835 3604 tuis,
848 3551 950 3596 invocato
961 3550 1051 3596 nomine
1063 3549 1166 3596 Domini.

235 3616 313 3668 qautus
324 3611 430 3669 usquead
441 3619 541 3664 mortem,
558 3612 656 3658 vinciens
667 3627 693 3658 ae
758 3617 785 3659 17
803 3613 887 3660 Evenit
898 3621 973 3660 autem
982 3613 1034 3658 mihi
1042 3628 1132 3660 severae
1140 3609 1186 3660 Hi·

234 3672 320 3718 trsdens
342 3673 365 3717 in
383 3688 481 3719 carceres
500 3682 546 3719 turn
566 3676 626 3720 viros
645 3683 692 3721 tum
725 3676 877 3736 erosolymam,
893 3693 961 3737 quum
972 3691 1070 3738 precarer
1089 3676 1111 3724 in
1128 3681 1184 3724 teu·

234 3733 350 3781 narlieres:
457 3787 501 3840 m
723 3739 766 3800 plo,
779 3747 803 3785 ut
814 3755 901 3800 raperer
911 3748 975 3786 extra
984 3755 1028 3786 me.
