<?xml version="1.0" encoding="UTF-8"?>
<!DOCTYPE html PUBLIC "-//W3C//DTD XHTML 1.0 Transitional//EN"
    "http://www.w3.org/TR/xhtml1/DTD/xhtml1-transitional.dtd">
<html xmlns="http://www.w3.org/1999/xhtml" xml:lang="en" lang="en">
 <head>
  <title>
</title>
<meta http-equiv="Content-Type" content="text/html;charset=utf-8" />
  <meta name='ocr-system' content='tesseract 3.04.00' />
  <meta name='ocr-capabilities' content='ocr_page ocr_carea ocr_par ocr_line ocrx_word'/>
</head>
<body>
  <div class='ocr_page' id='page_1' title='image "./novumtestamentu03unkngoog_0286.png"; bbox 0 0 2720 4312; ppageno 0'>
   <div class='ocr_carea' id='block_1_1' title="bbox 448 355 920 419">
    <p class='ocr_par' dir='ltr' id='par_1_1' title="bbox 448 355 920 419">
     <span class='ocr_line' id='line_1_1' title="bbox 448 355 920 419; baseline 0.004 -11"><span class='ocrx_word' id='word_1_1' title='bbox 448 359 592 409; x_wconf 83' lang='lat' dir='ltr'><strong>JOANNIS</strong></span> <span class='ocrx_word' id='word_1_2' title='bbox 609 355 849 419; x_wconf 77' lang='lat' dir='ltr'><strong>APOCALYPSIS,</strong></span> <span class='ocrx_word' id='word_1_3' title='bbox 873 362 920 410; x_wconf 87' lang='lat'>111.</span> 
     </span>
    </p>
   </div>
   <div class='ocr_carea' id='block_1_2' title="bbox 180 465 1168 2193">
    <p class='ocr_par' dir='ltr' id='par_1_2' title="bbox 180 465 1168 2193">
     <span class='ocr_line' id='line_1_2' title="bbox 209 465 1159 533; baseline -0.011 -14"><span class='ocrx_word' id='word_1_4' title='bbox 209 471 274 519; x_wconf 55' lang='lat' dir='ltr'><strong>Rati!</strong></span> <span class='ocrx_word' id='word_1_5' title='bbox 282 469 441 533; x_wconf 78' lang='lat' dir='ltr'><strong>profunditates</strong></span> <span class='ocrx_word' id='word_1_6' title='bbox 452 468 551 520; x_wconf 79' lang='lat' dir='ltr'><strong>Satanae,</strong></span> <span class='ocrx_word' id='word_1_7' title='bbox 561 471 586 511; x_wconf 84' lang='lat' dir='ltr'><strong>ut</strong></span> <span class='ocrx_word' id='word_1_8' title='bbox 593 465 668 520; x_wconf 73' lang='lat' dir='ltr'><strong>alunl3</strong></span> <span class='ocrx_word' id='word_1_9' title='bbox 733 473 748 516; x_wconf 85' lang='lat'>9</span> <span class='ocrx_word' id='word_1_10' title='bbox 765 467 832 520; x_wconf 78' lang='lat' dir='ltr'><strong>Ecce,</strong></span> <span class='ocrx_word' id='word_1_11' title='bbox 845 467 951 528; x_wconf 80' lang='lat' dir='ltr'>praebebo</span> <span class='ocrx_word' id='word_1_12' title='bbox 963 467 1049 528; x_wconf 76' lang='lat' dir='ltr'><strong>eosqui</strong></span> <span class='ocrx_word' id='word_1_13' title='bbox 1067 477 1118 515; x_wconf 78' lang='lat' dir='ltr'><strong>dunt</strong></span> <span class='ocrx_word' id='word_1_14' title='bbox 1134 481 1159 517; x_wconf 60' lang='lat' dir='ltr'><em>a</em></span> 
     </span>
     <span class='ocr_line' id='line_1_3' title="bbox 209 529 1160 596; baseline -0.003 -14"><span class='ocrx_word' id='word_1_15' title='bbox 209 551 252 582; x_wconf 84' lang='lat' dir='ltr'><strong>aon</strong></span> <span class='ocrx_word' id='word_1_16' title='bbox 264 549 375 596; x_wconf 81' lang='lat' dir='ltr'><strong>imponam</strong></span> <span class='ocrx_word' id='word_1_17' title='bbox 387 534 449 578; x_wconf 90' lang='lat' dir='ltr'><strong>vobis</strong></span> <span class='ocrx_word' id='word_1_18' title='bbox 460 531 518 576; x_wconf 90' lang='lat' dir='ltr'><strong>aliud</strong></span> <span class='ocrx_word' id='word_1_19' title='bbox 528 545 592 576; x_wconf 90' lang='lat' dir='ltr'><strong>onus.</strong></span> <span class='ocrx_word' id='word_1_20' title='bbox 701 529 817 592; x_wconf 81' lang='lat' dir='ltr'><strong>synagogri</strong></span> <span class='ocrx_word' id='word_1_21' title='bbox 829 532 929 585; x_wconf 84' lang='lat' dir='ltr'><strong>Satanae,</strong></span> <span class='ocrx_word' id='word_1_22' title='bbox 941 533 967 576; x_wconf 74' lang='lat' dir='ltr'><strong>id</strong></span> <span class='ocrx_word' id='word_1_23' title='bbox 977 539 1016 584; x_wconf 80' lang='lat' dir='ltr'><strong>est,</strong></span> <span class='ocrx_word' id='word_1_24' title='bbox 1033 547 1110 578; x_wconf 88' lang='lat' dir='ltr'><strong>eorum</strong></span> <span class='ocrx_word' id='word_1_25' title='bbox 1120 533 1160 593; x_wconf 67' lang='lat' dir='ltr'><strong>‘qu</strong></span> 
     </span>
     <span class='ocr_line' id='line_1_4' title="bbox 241 595 1162 656; baseline 0 -12"><span class='ocrx_word' id='word_1_26' title='bbox 241 602 271 646; x_wconf 79' lang='lat'><strong>25</strong></span> <span class='ocrx_word' id='word_1_27' title='bbox 288 599 375 644; x_wconf 78' lang='lat' dir='ltr'><strong>&#39;l&#39;arneu</strong></span> <span class='ocrx_word' id='word_1_28' title='bbox 387 597 408 641; x_wconf 93' lang='lat' dir='ltr'><strong>ld</strong></span> <span class='ocrx_word' id='word_1_29' title='bbox 419 596 479 656; x_wconf 87' lang='lat' dir='ltr'><strong>quod</strong></span> <span class='ocrx_word' id='word_1_30' title='bbox 489 595 579 648; x_wconf 86' lang='lat' dir='ltr'><strong>habetis,</strong></span> <span class='ocrx_word' id='word_1_31' title='bbox 590 598 671 638; x_wconf 47' lang='lat' dir='ltr'><strong>«tenete</strong></span> <span class='ocrx_word' id='word_1_32' title='bbox 701 596 812 641; x_wconf 81' lang='lat' dir='ltr'><strong>dicuntae</strong></span> <span class='ocrx_word' id='word_1_33' title='bbox 823 595 920 643; x_wconf 88' lang='lat' dir='ltr'><strong>Judaeos</strong></span> <span class='ocrx_word' id='word_1_34' title='bbox 931 611 986 648; x_wconf 85' lang='lat' dir='ltr'><strong>esse,</strong></span> <span class='ocrx_word' id='word_1_35' title='bbox 998 611 1039 641; x_wconf 81' lang='lat' dir='ltr'><strong>noe</strong></span> <span class='ocrx_word' id='word_1_36' title='bbox 1051 604 1109 649; x_wconf 87' lang='lat' dir='ltr'><strong>sunt,</strong></span> <span class='ocrx_word' id='word_1_37' title='bbox 1127 597 1162 644; x_wconf 76' lang='lat' dir='ltr'><strong>ret</strong></span> 
     </span>
     <span class='ocr_line' id='line_1_5' title="bbox 210 659 1162 724; baseline -0.002 -15"><span class='ocrx_word' id='word_1_38' title='bbox 210 677 322 724; x_wconf 74' lang='lat' dir='ltr'><strong>quousque</strong></span> <span class='ocrx_word' id='word_1_39' title='bbox 333 661 427 706; x_wconf 86' lang='lat' dir='ltr'><strong>veniam.</strong></span> <span class='ocrx_word' id='word_1_40' title='bbox 702 659 854 714; x_wconf 77' lang='lat' dir='ltr'><strong>mentiuntur3</strong></span> <span class='ocrx_word' id='word_1_41' title='bbox 871 674 929 712; x_wconf 84' lang='lat' dir='ltr'><strong>ecce,</strong></span> <span class='ocrx_word' id='word_1_42' title='bbox 942 661 1043 718; x_wconf 76' lang='lat' dir='ltr'><strong>inquunt,</strong></span> <span class='ocrx_word' id='word_1_43' title='bbox 1053 659 1131 706; x_wconf 82' lang='lat' dir='ltr'><strong>faulam</strong></span> <span class='ocrx_word' id='word_1_44' title='bbox 1140 667 1162 708; x_wconf 88' lang='lat' dir='ltr'><strong>ul</strong></span> 
     </span>
     <span class='ocr_line' id='line_1_6' title="bbox 242 721 1163 784; baseline -0.004 -12"><span class='ocrx_word' id='word_1_45' title='bbox 242 730 272 772; x_wconf 74' lang='lat'><strong>26</strong></span> <span class='ocrx_word' id='word_1_46' title='bbox 290 725 351 771; x_wconf 90' lang='lat' dir='ltr'><strong>Nam</strong></span> <span class='ocrx_word' id='word_1_47' title='bbox 362 723 430 783; x_wconf 86' lang='lat' dir='ltr'><strong>siquis</strong></span> <span class='ocrx_word' id='word_1_48' title='bbox 440 721 524 776; x_wconf 88' lang='lat' dir='ltr'><strong>vicerit,</strong></span> <span class='ocrx_word' id='word_1_49' title='bbox 536 729 558 767; x_wconf 89' lang='lat' dir='ltr'><strong>et</strong></span> <span class='ocrx_word' id='word_1_50' title='bbox 567 721 671 766; x_wconf 81' lang='lat' dir='ltr'><strong>observa·</strong></span> <span class='ocrx_word' id='word_1_51' title='bbox 702 722 743 783; x_wconf 88' lang='lat' dir='ltr'><strong>ipsi</strong></span> <span class='ocrx_word' id='word_1_52' title='bbox 762 723 852 769; x_wconf 88' lang='lat' dir='ltr'><strong>veniant</strong></span> <span class='ocrx_word' id='word_1_53' title='bbox 870 729 893 768; x_wconf 87' lang='lat' dir='ltr'><strong>et</strong></span> <span class='ocrx_word' id='word_1_54' title='bbox 912 723 1004 768; x_wconf 86' lang='lat' dir='ltr'><strong>adorent</strong></span> <span class='ocrx_word' id='word_1_55' title='bbox 1025 733 1077 768; x_wconf 88' lang='lat' dir='ltr'><strong>ante</strong></span> <span class='ocrx_word' id='word_1_56' title='bbox 1098 724 1163 784; x_wconf 78' lang='lat' dir='ltr'><strong>pedus</strong></span> 
     </span>
     <span class='ocr_line' id='line_1_7' title="bbox 180 783 1124 852; baseline -0.002 -16"><span class='ocrx_word' id='word_1_57' title='bbox 180 847 186 852; x_wconf 35' lang='grc' dir='ltr'>Ι</span> <span class='ocrx_word' id='word_1_58' title='bbox 211 790 266 836; x_wconf 81' lang='lat' dir='ltr'><strong>verit</strong></span> <span class='ocrx_word' id='word_1_59' title='bbox 274 789 302 836; x_wconf 86' lang='lat' dir='ltr'><strong>ad</strong></span> <span class='ocrx_word' id='word_1_60' title='bbox 312 787 379 834; x_wconf 84' lang='lat' dir='ltr'><strong>finem</strong></span> <span class='ocrx_word' id='word_1_61' title='bbox 391 802 461 846; x_wconf 83' lang='lat' dir='ltr'><strong>usque</strong></span> <span class='ocrx_word' id='word_1_62' title='bbox 472 801 540 847; x_wconf 86' lang='lat' dir='ltr'><strong>opera</strong></span> <span class='ocrx_word' id='word_1_63' title='bbox 550 799 605 838; x_wconf 88' lang='lat' dir='ltr'><strong>mea,</strong></span> <span class='ocrx_word' id='word_1_64' title='bbox 617 783 673 830; x_wconf 82' lang='lat' dir='ltr'><strong>dabo</strong></span> <span class='ocrx_word' id='word_1_65' title='bbox 687 807 692 818; x_wconf 71' lang='lat'><em>‹</em></span> <span class='ocrx_word' id='word_1_66' title='bbox 703 793 760 840; x_wconf 85' lang='lat' dir='ltr'><strong>tuos,</strong></span> <span class='ocrx_word' id='word_1_67' title='bbox 772 794 795 832; x_wconf 88' lang='lat' dir='ltr'><strong>et</strong></span> <span class='ocrx_word' id='word_1_68' title='bbox 806 787 875 832; x_wconf 85' lang='lat' dir='ltr'><strong>sciant</strong></span> <span class='ocrx_word' id='word_1_69' title='bbox 886 783 945 846; x_wconf 78' lang='lat' dir='ltr'><strong>quod</strong></span> <span class='ocrx_word' id='word_1_70' title='bbox 956 802 999 846; x_wconf 85' lang='lat' dir='ltr'><strong>ego</strong></span> <span class='ocrx_word' id='word_1_71' title='bbox 1010 787 1076 832; x_wconf 80' lang='lat' dir='ltr'>dilexi</span> <span class='ocrx_word' id='word_1_72' title='bbox 1088 795 1124 834; x_wconf 79' lang='lat' dir='ltr'><strong>ter</strong></span> 
     </span>
     <span class='ocr_line' id='line_1_8' title="bbox 209 847 1164 915; baseline -0.002 -16"><span class='ocrx_word' id='word_1_73' title='bbox 209 851 509 915; x_wconf 69' lang='lat' dir='ltr'><strong>eipotestatemingeutss.</strong></span> <span class='ocrx_word' id='word_1_74' title='bbox 737 854 767 896; x_wconf 89' lang='lat'><strong>10</strong></span> <span class='ocrx_word' id='word_1_75' title='bbox 791 850 904 904; x_wconf 81' lang='lat' dir='ltr'><strong>Quoniam</strong></span> <span class='ocrx_word' id='word_1_76' title='bbox 927 847 1018 895; x_wconf 73' lang='lat' dir='ltr'><strong>serviisti</strong></span> <span class='ocrx_word' id='word_1_77' title='bbox 1041 863 1164 897; x_wconf 78' lang='lat' dir='ltr'><strong>sermonem</strong></span> 
     </span>
     <span class='ocr_line' id='line_1_9' title="bbox 243 907 1163 976; baseline -0.004 -12"><span class='ocrx_word' id='word_1_78' title='bbox 243 920 273 964; x_wconf 80' lang='lat'><strong>27</strong></span> <span class='ocrx_word' id='word_1_79' title='bbox 291 916 323 963; x_wconf 87' lang='lat' dir='ltr'><strong>Et</strong></span> <span class='ocrx_word' id='word_1_80' title='bbox 335 921 397 976; x_wconf 87' lang='lat' dir='ltr'><strong>reget</strong></span> <span class='ocrx_word' id='word_1_81' title='bbox 408 929 445 960; x_wconf 87' lang='lat' dir='ltr'><strong>eas</strong></span> <span class='ocrx_word' id='word_1_82' title='bbox 461 909 525 974; x_wconf 73' lang='lat' dir='ltr'><strong>virga</strong></span> <span class='ocrx_word' id='word_1_83' title='bbox 540 907 627 958; x_wconf 73' lang='lat' dir='ltr'><strong>ferrei:</strong></span> <span class='ocrx_word' id='word_1_84' title='bbox 650 915 675 957; x_wconf 87' lang='lat' dir='ltr'><strong>et</strong></span> <span class='ocrx_word' id='word_1_85' title='bbox 702 914 830 960; x_wconf 74' lang='lat' dir='ltr'><strong>tolerantiae</strong></span> <span class='ocrx_word' id='word_1_86' title='bbox 846 929 915 967; x_wconf 69' lang='lat' dir='ltr'><strong>mear,</strong></span> <span class='ocrx_word' id='word_1_87' title='bbox 932 930 975 974; x_wconf 83' lang='lat' dir='ltr'><strong>ego</strong></span> <span class='ocrx_word' id='word_1_88' title='bbox 986 928 1074 974; x_wconf 87' lang='lat' dir='ltr'><strong>quoque</strong></span> <span class='ocrx_word' id='word_1_89' title='bbox 1085 921 1107 960; x_wconf 88' lang='lat' dir='ltr'><strong>te</strong></span> <span class='ocrx_word' id='word_1_90' title='bbox 1118 929 1163 960; x_wconf 74' lang='lat' dir='ltr'><strong>aar·</strong></span> 
     </span>
     <span class='ocr_line' id='line_1_10' title="bbox 213 974 1164 1041; baseline -0.003 -13"><span class='ocrx_word' id='word_1_91' title='bbox 213 978 464 1041; x_wconf 77' lang='lat' dir='ltr'><strong>tanquamvasalictilia</strong></span> <span class='ocrx_word' id='word_1_92' title='bbox 478 983 626 1029; x_wconf 85' lang='lat' dir='ltr'><strong>conterentur,</strong></span> <span class='ocrx_word' id='word_1_93' title='bbox 643 974 672 1022; x_wconf 80' lang='grc' dir='ltr'><strong>εἰ·</strong></span> <span class='ocrx_word' id='word_1_94' title='bbox 703 979 759 1024; x_wconf 79' lang='lat' dir='ltr'><strong>vebo</strong></span> <span class='ocrx_word' id='word_1_95' title='bbox 780 993 809 1023; x_wconf 85' lang='lat' dir='ltr'><strong>ex</strong></span> <span class='ocrx_word' id='word_1_96' title='bbox 831 985 930 1038; x_wconf 85' lang='lat' dir='ltr'><strong>ternpore</strong></span> <span class='ocrx_word' id='word_1_97' title='bbox 951 977 1085 1032; x_wconf 81' lang='lat' dir='ltr'><strong>tentationis,</strong></span> <span class='ocrx_word' id='word_1_98' title='bbox 1107 977 1164 1039; x_wconf 80' lang='lat' dir='ltr'><strong>quod</strong></span> 
     </span>
     <span class='ocr_line' id='line_1_11' title="bbox 210 1040 1162 1125; baseline -0.004 -33"><span class='ocrx_word' id='word_1_99' title='bbox 210 1052 282 1092; x_wconf 76' lang='lat' dir='ltr'><strong>tutet</strong></span> <span class='ocrx_word' id='word_1_100' title='bbox 293 1059 337 1104; x_wconf 81' lang='lat' dir='ltr'><strong>ego</strong></span> <span class='ocrx_word' id='word_1_101' title='bbox 348 1040 600 1102; x_wconf 81' lang='lat' dir='ltr'><strong>accepiaPatremeo:</strong></span> <span class='ocrx_word' id='word_1_102' title='bbox 702 1049 821 1088; x_wconf 89' lang='lat' dir='ltr'><strong>venturum</strong></span> <span class='ocrx_word' id='word_1_103' title='bbox 842 1049 877 1088; x_wconf 85' lang='lat' dir='ltr'><strong>est</strong></span> <span class='ocrx_word' id='word_1_104' title='bbox 895 1042 917 1086; x_wconf 89' lang='lat' dir='ltr'><strong>in</strong></span> <span class='ocrx_word' id='word_1_105' title='bbox 937 1042 1012 1086; x_wconf 83' lang='lat' dir='ltr'><strong>orbem</strong></span> <span class='ocrx_word' id='word_1_106' title='bbox 1031 1041 1162 1125; x_wconf 71' lang='lat' dir='ltr'><strong>universup,</strong></span> 
     </span>
     <span class='ocr_line' id='line_1_12' title="bbox 244 1103 1071 1166; baseline -0.004 -12"><span class='ocrx_word' id='word_1_107' title='bbox 244 1113 275 1154; x_wconf 79' lang='lat'><strong>‘28</strong></span> <span class='ocrx_word' id='word_1_108' title='bbox 293 1107 325 1154; x_wconf 88' lang='lat' dir='ltr'><strong>Et</strong></span> <span class='ocrx_word' id='word_1_109' title='bbox 335 1107 420 1152; x_wconf 81' lang='lat' dir='ltr'><strong>daboei</strong></span> <span class='ocrx_word' id='word_1_110' title='bbox 433 1105 518 1150; x_wconf 85' lang='lat' dir='ltr'><strong>stellam</strong></span> <span class='ocrx_word' id='word_1_111' title='bbox 530 1103 667 1149; x_wconf 84' lang='lat' dir='ltr'><strong>matutinam.</strong></span> <span class='ocrx_word' id='word_1_112' title='bbox 702 1107 730 1151; x_wconf 85' lang='lat' dir='ltr'><strong>ad</strong></span> <span class='ocrx_word' id='word_1_113' title='bbox 741 1106 888 1166; x_wconf 85' lang='lat' dir='ltr'><strong>explorandos</strong></span> <span class='ocrx_word' id='word_1_114' title='bbox 899 1105 982 1150; x_wconf 86' lang='lat' dir='ltr'><strong>incolas</strong></span> <span class='ocrx_word' id='word_1_115' title='bbox 993 1111 1071 1151; x_wconf 85' lang='lat' dir='ltr'><strong>terrae.</strong></span> 
     </span>
     <span class='ocr_line' id='line_1_13' title="bbox 244 1165 1165 1230; baseline 0 -12"><span class='ocrx_word' id='word_1_116' title='bbox 244 1177 275 1220; x_wconf 79' lang='lat'><strong>29</strong></span> <span class='ocrx_word' id='word_1_117' title='bbox 293 1171 339 1224; x_wconf 84' lang='lat' dir='ltr'><strong>Qui</strong></span> <span class='ocrx_word' id='word_1_118' title='bbox 355 1171 419 1216; x_wconf 84' lang='lat' dir='ltr'><strong>habet</strong></span> <span class='ocrx_word' id='word_1_119' title='bbox 435 1183 517 1222; x_wconf 84' lang='lat' dir='ltr'><strong>aurem,</strong></span> <span class='ocrx_word' id='word_1_120' title='bbox 534 1167 608 1214; x_wconf 87' lang='lat' dir='ltr'><strong>audiat</strong></span> <span class='ocrx_word' id='word_1_121' title='bbox 623 1165 675 1226; x_wconf 86' lang='lat' dir='ltr'><strong>quid</strong></span> <span class='ocrx_word' id='word_1_122' title='bbox 737 1173 763 1214; x_wconf 94' lang='grc'><strong>11</strong></span> <span class='ocrx_word' id='word_1_123' title='bbox 784 1169 850 1223; x_wconf 83' lang='lat' dir='ltr'><strong>Ecce,</strong></span> <span class='ocrx_word' id='word_1_124' title='bbox 871 1169 936 1215; x_wconf 88' lang='lat' dir='ltr'><strong>venio</strong></span> <span class='ocrx_word' id='word_1_125' title='bbox 954 1165 1012 1214; x_wconf 76' lang='lat' dir='ltr'><strong>citri:</strong></span> <span class='ocrx_word' id='word_1_126' title='bbox 1040 1176 1090 1217; x_wconf 80' lang='lat' dir='ltr'><strong>tene</strong></span> <span class='ocrx_word' id='word_1_127' title='bbox 1106 1168 1165 1230; x_wconf 65' lang='lat' dir='ltr'><strong>quad</strong></span> 
     </span>
     <span class='ocr_line' id='line_1_14' title="bbox 213 1233 1165 1298; baseline -0.003 -15"><span class='ocrx_word' id='word_1_128' title='bbox 213 1235 308 1298; x_wconf 75' lang='lat' dir='ltr'><strong>Spiritus</strong></span> <span class='ocrx_word' id='word_1_129' title='bbox 318 1235 376 1280; x_wconf 85' lang='lat' dir='ltr'><strong>dicat</strong></span> <span class='ocrx_word' id='word_1_130' title='bbox 386 1233 491 1280; x_wconf 74' lang='lat' dir='ltr'><strong>ecclesiis.</strong></span> <span class='ocrx_word' id='word_1_131' title='bbox 703 1233 775 1287; x_wconf 86' lang='lat' dir='ltr'><strong>habos,</strong></span> <span class='ocrx_word' id='word_1_132' title='bbox 804 1240 829 1279; x_wconf 91' lang='lat' dir='ltr'><strong>ut</strong></span> <span class='ocrx_word' id='word_1_133' title='bbox 855 1248 920 1279; x_wconf 89' lang='lat' dir='ltr'><strong>nemo</strong></span> <span class='ocrx_word' id='word_1_134' title='bbox 948 1233 1039 1294; x_wconf 83' lang='lat' dir='ltr'><strong>accipiat</strong></span> <span class='ocrx_word' id='word_1_135' title='bbox 1061 1248 1165 1280; x_wconf 81' lang='lat' dir='ltr'><strong>coronam</strong></span> 
     </span>
     <span class='ocr_line' id='line_1_15' title="bbox 704 1305 772 1343; baseline 0 -1"><span class='ocrx_word' id='word_1_136' title='bbox 704 1305 772 1343; x_wconf 91' lang='lat' dir='ltr'><strong>tuam.</strong></span> 
     </span>
     <span class='ocr_line' id='line_1_16' title="bbox 375 1358 1165 1414; baseline -0.004 -5"><span class='ocrx_word' id='word_1_137' title='bbox 375 1359 449 1409; x_wconf 84' lang='lat' dir='ltr'><strong>CAP.</strong></span> <span class='ocrx_word' id='word_1_138' title='bbox 468 1358 516 1406; x_wconf 87' lang='lat' dir='ltr'><strong>III.</strong></span> <span class='ocrx_word' id='word_1_139' title='bbox 737 1365 766 1406; x_wconf 79' lang='lat'><strong>12</strong></span> <span class='ocrx_word' id='word_1_140' title='bbox 785 1361 830 1414; x_wconf 86' lang='lat' dir='ltr'><strong>Qui</strong></span> <span class='ocrx_word' id='word_1_141' title='bbox 843 1361 925 1414; x_wconf 86' lang='lat' dir='ltr'><strong>vicerit,</strong></span> <span class='ocrx_word' id='word_1_142' title='bbox 936 1360 1014 1408; x_wconf 86' lang='lat' dir='ltr'><strong>faciam</strong></span> <span class='ocrx_word' id='word_1_143' title='bbox 1027 1368 1052 1407; x_wconf 88' lang='lat' dir='ltr'><strong>ut</strong></span> <span class='ocrx_word' id='word_1_144' title='bbox 1061 1361 1081 1406; x_wconf 85' lang='lat' dir='ltr'><strong>is</strong></span> <span class='ocrx_word' id='word_1_145' title='bbox 1090 1361 1118 1406; x_wconf 88' lang='lat' dir='ltr'><strong>sit</strong></span> <span class='ocrx_word' id='word_1_146' title='bbox 1126 1376 1165 1406; x_wconf 87' lang='lat' dir='ltr'><strong>co-</strong></span> 
     </span>
     <span class='ocr_line' id='line_1_17' title="bbox 282 1421 1166 1486; baseline -0.003 -13"><span class='ocrx_word' id='word_1_147' title='bbox 282 1425 400 1473; x_wconf 86' lang='lat' dir='ltr'>NGELO</span> <span class='ocrx_word' id='word_1_148' title='bbox 418 1431 491 1470; x_wconf 83' lang='lat' dir='ltr'><strong>autem</strong></span> <span class='ocrx_word' id='word_1_149' title='bbox 503 1421 608 1469; x_wconf 83' lang='lat' dir='ltr'><strong>ecclcsiae</strong></span> <span class='ocrx_word' id='word_1_150' title='bbox 619 1435 677 1480; x_wconf 74' lang='lat' dir='ltr'><strong>quae</strong></span> <span class='ocrx_word' id='word_1_151' title='bbox 703 1425 778 1470; x_wconf 90' lang='lat' dir='ltr'><strong>lumna</strong></span> <span class='ocrx_word' id='word_1_152' title='bbox 794 1425 911 1486; x_wconf 86' lang='lat' dir='ltr'><strong>intemplo</strong></span> <span class='ocrx_word' id='word_1_153' title='bbox 924 1424 969 1470; x_wconf 91' lang='lat' dir='ltr'><strong>Dei</strong></span> <span class='ocrx_word' id='word_1_154' title='bbox 981 1427 1038 1480; x_wconf 73' lang='lat' dir='ltr'><strong>mei3</strong></span> <span class='ocrx_word' id='word_1_155' title='bbox 1055 1440 1096 1470; x_wconf 90' lang='lat' dir='ltr'><strong>nec</strong></span> <span class='ocrx_word' id='word_1_156' title='bbox 1106 1424 1166 1471; x_wconf 79' lang='lat' dir='ltr'><strong>forat</strong></span> 
     </span>
     <span class='ocr_line' id='line_1_18' title="bbox 216 1434 1165 1549; baseline 0 -15"><span class='ocrx_word' id='word_1_157' title='bbox 216 1434 277 1546; x_wconf 77' lang='grc' dir='ltr'><strong>Α</strong></span> <span class='ocrx_word' id='word_1_158' title='bbox 298 1499 333 1535; x_wconf 86' lang='lat' dir='ltr'><strong>est</strong></span> <span class='ocrx_word' id='word_1_159' title='bbox 345 1489 449 1534; x_wconf 83' lang='lat' dir='ltr'><strong>Sardibus</strong></span> <span class='ocrx_word' id='word_1_160' title='bbox 460 1487 535 1539; x_wconf 83' lang='lat' dir='ltr'><strong>scribe,</strong></span> <span class='ocrx_word' id='word_1_161' title='bbox 549 1485 613 1531; x_wconf 87' lang='lat' dir='ltr'><strong>Haec</strong></span> <span class='ocrx_word' id='word_1_162' title='bbox 625 1485 677 1530; x_wconf 79' lang='lat' dir='ltr'><strong>dicit</strong></span> <span class='ocrx_word' id='word_1_163' title='bbox 703 1489 828 1549; x_wconf 85' lang='lat' dir='ltr'><strong>egredietur</strong></span> <span class='ocrx_word' id='word_1_164' title='bbox 843 1486 951 1549; x_wconf 79' lang='lat' dir='ltr'><strong>ampliiis:</strong></span> <span class='ocrx_word' id='word_1_165' title='bbox 976 1497 998 1534; x_wconf 86' lang='lat' dir='ltr'><strong>et</strong></span> <span class='ocrx_word' id='word_1_166' title='bbox 1014 1488 1165 1534; x_wconf 83' lang='lat' dir='ltr'><strong>inscribamei</strong></span> 
     </span>
     <span class='ocr_line' id='line_1_19' title="bbox 214 1547 1166 1615; baseline -0.002 -15"><span class='ocrx_word' id='word_1_167' title='bbox 214 1554 251 1615; x_wconf 83' lang='lat' dir='ltr'><strong>qui</strong></span> <span class='ocrx_word' id='word_1_168' title='bbox 262 1555 325 1600; x_wconf 81' lang='lat' dir='ltr'><strong>habet</strong></span> <span class='ocrx_word' id='word_1_169' title='bbox 336 1559 420 1613; x_wconf 83' lang='lat' dir='ltr'><strong>septem</strong></span> <span class='ocrx_word' id='word_1_170' title='bbox 432 1551 480 1597; x_wconf 88' lang='lat' dir='ltr'><strong>illos</strong></span> <span class='ocrx_word' id='word_1_171' title='bbox 490 1551 584 1610; x_wconf 84' lang='lat' dir='ltr'><strong>Spiritus</strong></span> <span class='ocrx_word' id='word_1_172' title='bbox 593 1547 645 1602; x_wconf 85' lang='lat' dir='ltr'><strong>Dei,</strong></span> <span class='ocrx_word' id='word_1_173' title='bbox 654 1554 678 1594; x_wconf 87' lang='lat' dir='ltr'><strong>et</strong></span> <span class='ocrx_word' id='word_1_174' title='bbox 704 1567 784 1598; x_wconf 87' lang='lat' dir='ltr'><strong>nomen</strong></span> <span class='ocrx_word' id='word_1_175' title='bbox 804 1551 849 1598; x_wconf 82' lang='lat' dir='ltr'><strong>Dei</strong></span> <span class='ocrx_word' id='word_1_176' title='bbox 869 1553 918 1606; x_wconf 84' lang='lat' dir='ltr'><strong>mei,</strong></span> <span class='ocrx_word' id='word_1_177' title='bbox 937 1560 960 1598; x_wconf 88' lang='lat' dir='ltr'><strong>et</strong></span> <span class='ocrx_word' id='word_1_178' title='bbox 977 1567 1058 1598; x_wconf 85' lang='lat' dir='ltr'><strong>nomen</strong></span> <span class='ocrx_word' id='word_1_179' title='bbox 1072 1553 1166 1598; x_wconf 78' lang='lat' dir='ltr'><strong>civitatis</strong></span> 
     </span>
     <span class='ocr_line' id='line_1_20' title="bbox 214 1614 1166 1678; baseline -0.003 -15"><span class='ocrx_word' id='word_1_180' title='bbox 214 1626 298 1678; x_wconf 81' lang='lat' dir='ltr'><strong>septem</strong></span> <span class='ocrx_word' id='word_1_181' title='bbox 310 1617 357 1662; x_wconf 84' lang='lat' dir='ltr'><strong>illas</strong></span> <span class='ocrx_word' id='word_1_182' title='bbox 369 1615 457 1672; x_wconf 51' lang='lat' dir='ltr'><strong>stellam</strong></span> <span class='ocrx_word' id='word_1_183' title='bbox 475 1614 536 1660; x_wconf 91' lang='lat' dir='ltr'><strong>Novi</strong></span> <span class='ocrx_word' id='word_1_184' title='bbox 554 1620 676 1674; x_wconf 82' lang='lat' dir='ltr'><strong>operatua,</strong></span> <span class='ocrx_word' id='word_1_185' title='bbox 705 1615 750 1661; x_wconf 90' lang='lat' dir='ltr'><strong>Dei</strong></span> <span class='ocrx_word' id='word_1_186' title='bbox 768 1617 817 1670; x_wconf 89' lang='lat' dir='ltr'><strong>mei,</strong></span> <span class='ocrx_word' id='word_1_187' title='bbox 836 1619 913 1670; x_wconf 80' lang='lat' dir='ltr'><strong>idest,</strong></span> <span class='ocrx_word' id='word_1_188' title='bbox 932 1631 1004 1662; x_wconf 80' lang='lat' dir='ltr'><strong>novae</strong></span> <span class='ocrx_word' id='word_1_189' title='bbox 1019 1616 1166 1669; x_wconf 72' lang='lat' dir='ltr'><strong>Hierusalem,</strong></span> 
     </span>
     <span class='ocr_line' id='line_1_21' title="bbox 214 1677 1167 1742; baseline -0.003 -14"><span class='ocrx_word' id='word_1_190' title='bbox 214 1697 294 1742; x_wconf 60' lang='grc' dir='ltr'><strong>πονηρέ</strong></span> <span class='ocrx_word' id='word_1_191' title='bbox 304 1678 363 1742; x_wconf 84' lang='lat' dir='ltr'><strong>qudd</strong></span> <span class='ocrx_word' id='word_1_192' title='bbox 374 1680 452 1726; x_wconf 82' lang='lat' dir='ltr'><strong>dicaris</strong></span> <span class='ocrx_word' id='word_1_193' title='bbox 463 1679 543 1731; x_wconf 85' lang='lat' dir='ltr'><strong>vivere,</strong></span> <span class='ocrx_word' id='word_1_194' title='bbox 561 1677 599 1723; x_wconf 83' lang='lat' dir='ltr'><strong>sed</strong></span> <span class='ocrx_word' id='word_1_195' title='bbox 616 1691 676 1722; x_wconf 91' lang='lat' dir='ltr'><strong>mor·</strong></span> <span class='ocrx_word' id='word_1_196' title='bbox 704 1695 759 1740; x_wconf 85' lang='lat' dir='ltr'><strong>quae</strong></span> <span class='ocrx_word' id='word_1_197' title='bbox 768 1681 880 1726; x_wconf 82' lang='lat' dir='ltr'><strong>descendit</strong></span> <span class='ocrx_word' id='word_1_198' title='bbox 890 1695 903 1726; x_wconf 89' lang='lat' dir='ltr'><strong>e</strong></span> <span class='ocrx_word' id='word_1_199' title='bbox 914 1681 977 1726; x_wconf 89' lang='lat' dir='ltr'><strong>coelo</strong></span> <span class='ocrx_word' id='word_1_200' title='bbox 988 1695 1001 1726; x_wconf 83' lang='lat' dir='ltr'><strong>a</strong></span> <span class='ocrx_word' id='word_1_201' title='bbox 1013 1679 1065 1726; x_wconf 90' lang='lat' dir='ltr'><strong>Deo</strong></span> <span class='ocrx_word' id='word_1_202' title='bbox 1076 1695 1133 1733; x_wconf 88' lang='lat' dir='ltr'><strong>meo,</strong></span> <span class='ocrx_word' id='word_1_203' title='bbox 1144 1687 1167 1725; x_wconf 86' lang='lat' dir='ltr'><strong>et</strong></span> 
     </span>
     <span class='ocr_line' id='line_1_22' title="bbox 216 1746 975 1792; baseline -0.005 0"><span class='ocrx_word' id='word_1_204' title='bbox 216 1756 267 1792; x_wconf 85' lang='lat' dir='ltr'><strong>tuus</strong></span> <span class='ocrx_word' id='word_1_205' title='bbox 278 1746 315 1791; x_wconf 87' lang='lat' dir='ltr'><strong>sis.</strong></span> <span class='ocrx_word' id='word_1_206' title='bbox 706 1755 786 1790; x_wconf 90' lang='lat' dir='ltr'><strong>nomen</strong></span> <span class='ocrx_word' id='word_1_207' title='bbox 798 1759 872 1790; x_wconf 89' lang='lat' dir='ltr'><strong>meum</strong></span> <span class='ocrx_word' id='word_1_208' title='bbox 884 1759 975 1790; x_wconf 89' lang='lat' dir='ltr'><strong>novum.</strong></span> 
     </span>
     <span class='ocr_line' id='line_1_23' title="bbox 248 1803 1166 1870; baseline -0.003 -15"><span class='ocrx_word' id='word_1_209' title='bbox 248 1813 263 1855; x_wconf 77' lang='lat'><strong>2</strong></span> <span class='ocrx_word' id='word_1_210' title='bbox 280 1809 338 1856; x_wconf 87' lang='lat' dir='ltr'><strong>Esto</strong></span> <span class='ocrx_word' id='word_1_211' title='bbox 350 1807 450 1870; x_wconf 81' lang='lat' dir='ltr'><strong>vigilans,</strong></span> <span class='ocrx_word' id='word_1_212' title='bbox 467 1814 490 1852; x_wconf 91' lang='lat' dir='ltr'><strong>et</strong></span> <span class='ocrx_word' id='word_1_213' title='bbox 506 1805 612 1852; x_wconf 80' lang='lat' dir='ltr'><strong>confirma</strong></span> <span class='ocrx_word' id='word_1_214' title='bbox 627 1803 677 1850; x_wconf 86' lang='lat' dir='ltr'><strong>reli-</strong></span> <span class='ocrx_word' id='word_1_215' title='bbox 739 1813 768 1852; x_wconf 82' lang='lat'><strong>13</strong></span> <span class='ocrx_word' id='word_1_216' title='bbox 786 1808 831 1862; x_wconf 80' lang='lat' dir='ltr'><strong>Qui</strong></span> <span class='ocrx_word' id='word_1_217' title='bbox 845 1809 909 1853; x_wconf 83' lang='lat' dir='ltr'><strong>lralret</strong></span> <span class='ocrx_word' id='word_1_218' title='bbox 925 1823 1007 1861; x_wconf 85' lang='lat' dir='ltr'><strong>aurern,</strong></span> <span class='ocrx_word' id='word_1_219' title='bbox 1024 1808 1098 1853; x_wconf 81' lang='lat' dir='ltr'><strong>audiat</strong></span> <span class='ocrx_word' id='word_1_220' title='bbox 1114 1807 1166 1868; x_wconf 89' lang='lat' dir='ltr'><strong>quid</strong></span> 
     </span>
     <span class='ocr_line' id='line_1_24' title="bbox 216 1868 985 1936; baseline -0.004 -16"><span class='ocrx_word' id='word_1_221' title='bbox 216 1889 259 1936; x_wconf 83' lang='lat' dir='ltr'><strong>qua</strong></span> <span class='ocrx_word' id='word_1_222' title='bbox 280 1873 426 1928; x_wconf 77' lang='lat' dir='ltr'><strong>moribunda3</strong></span> <span class='ocrx_word' id='word_1_223' title='bbox 455 1886 500 1916; x_wconf 90' lang='lat' dir='ltr'><strong>non</strong></span> <span class='ocrx_word' id='word_1_224' title='bbox 522 1871 582 1928; x_wconf 89' lang='lat' dir='ltr'><strong>enlm</strong></span> <span class='ocrx_word' id='word_1_225' title='bbox 603 1868 677 1914; x_wconf 73' lang='lat' dir='ltr'><strong>mveui</strong></span> <span class='ocrx_word' id='word_1_226' title='bbox 707 1871 801 1932; x_wconf 89' lang='lat' dir='ltr'><strong>Spiritus</strong></span> <span class='ocrx_word' id='word_1_227' title='bbox 812 1873 869 1917; x_wconf 87' lang='lat' dir='ltr'><strong>dicat</strong></span> <span class='ocrx_word' id='word_1_228' title='bbox 880 1872 985 1918; x_wconf 87' lang='lat' dir='ltr'><strong>ecclesiis.</strong></span> 
     </span>
     <span class='ocr_line' id='line_1_25' title="bbox 216 1933 1166 2001; baseline -0.004 -17"><span class='ocrx_word' id='word_1_229' title='bbox 216 1952 283 2001; x_wconf 88' lang='lat' dir='ltr'><strong>opera</strong></span> <span class='ocrx_word' id='word_1_230' title='bbox 294 1945 331 1983; x_wconf 88' lang='lat' dir='ltr'><strong>tua</strong></span> <span class='ocrx_word' id='word_1_231' title='bbox 342 1937 406 1997; x_wconf 85' lang='lat' dir='ltr'><strong>plena</strong></span> <span class='ocrx_word' id='word_1_232' title='bbox 416 1950 490 1981; x_wconf 90' lang='lat' dir='ltr'><strong>coram</strong></span> <span class='ocrx_word' id='word_1_233' title='bbox 503 1934 563 1979; x_wconf 89' lang='lat' dir='ltr'><strong>Deo.</strong></span> <span class='ocrx_word' id='word_1_234' title='bbox 740 1940 769 1980; x_wconf 83' lang='lat'><strong>14</strong></span> <span class='ocrx_word' id='word_1_235' title='bbox 785 1936 875 1996; x_wconf 83' lang='lat' dir='ltr'><strong>Angelo</strong></span> <span class='ocrx_word' id='word_1_236' title='bbox 888 1933 941 1981; x_wconf 80' lang='lat' dir='ltr'><strong>verri</strong></span> <span class='ocrx_word' id='word_1_237' title='bbox 952 1934 1120 1980; x_wconf 79' lang='lat' dir='ltr'><strong>Laodicensium</strong></span> <span class='ocrx_word' id='word_1_238' title='bbox 1129 1949 1166 1980; x_wconf 83' lang='lat' dir='ltr'><strong>ec·</strong></span> 
     </span>
     <span class='ocr_line' id='line_1_26' title="bbox 221 1995 1168 2062; baseline -0.003 -15"><span class='ocrx_word' id='word_1_239' title='bbox 221 2056 226 2062; x_wconf 21' lang='grc' dir='ltr'><em>β</em></span> <span class='ocrx_word' id='word_1_240' title='bbox 247 2005 264 2046; x_wconf 76' lang='lat'><em>3</em></span> <span class='ocrx_word' id='word_1_241' title='bbox 281 2000 399 2046; x_wconf 88' lang='lat' dir='ltr'><strong>Memento</strong></span> <span class='ocrx_word' id='word_1_242' title='bbox 416 1998 484 2058; x_wconf 86' lang='lat' dir='ltr'><strong>igitur</strong></span> <span class='ocrx_word' id='word_1_243' title='bbox 499 2013 555 2058; x_wconf 90' lang='lat' dir='ltr'><strong>quae</strong></span> <span class='ocrx_word' id='word_1_244' title='bbox 569 1995 679 2056; x_wconf 77' lang='lat' dir='ltr'><strong>acceperis</strong></span> <span class='ocrx_word' id='word_1_245' title='bbox 705 2000 784 2046; x_wconf 85' lang='lat' dir='ltr'><strong>clesiae</strong></span> <span class='ocrx_word' id='word_1_246' title='bbox 795 2002 870 2054; x_wconf 84' lang='lat' dir='ltr'><strong>scribe,</strong></span> <span class='ocrx_word' id='word_1_247' title='bbox 880 1999 1005 2044; x_wconf 77' lang='lat' dir='ltr'><strong>llaecilicit</strong></span> <span class='ocrx_word' id='word_1_248' title='bbox 1014 1998 1095 2050; x_wconf 83' lang='lat' dir='ltr'><strong>Arnen,</strong></span> <span class='ocrx_word' id='word_1_249' title='bbox 1105 1999 1168 2044; x_wconf 86' lang='lat' dir='ltr'><strong>testis</strong></span> 
     </span>
     <span class='ocr_line' id='line_1_27' title="bbox 216 2059 1167 2126; baseline -0.002 -16"><span class='ocrx_word' id='word_1_250' title='bbox 216 2078 239 2114; x_wconf 84' lang='lat' dir='ltr'><strong>et</strong></span> <span class='ocrx_word' id='word_1_251' title='bbox 249 2065 358 2126; x_wconf 85' lang='lat' dir='ltr'><strong>audieris:</strong></span> <span class='ocrx_word' id='word_1_252' title='bbox 378 2070 400 2108; x_wconf 88' lang='lat' dir='ltr'><strong>et</strong></span> <span class='ocrx_word' id='word_1_253' title='bbox 412 2065 504 2108; x_wconf 87' lang='lat' dir='ltr'><strong>observa</strong></span> <span class='ocrx_word' id='word_1_254' title='bbox 520 2063 568 2114; x_wconf 78' lang='lat' dir='ltr'><strong>tila,</strong></span> <span class='ocrx_word' id='word_1_255' title='bbox 585 2067 607 2105; x_wconf 90' lang='lat' dir='ltr'><strong>et</strong></span> <span class='ocrx_word' id='word_1_256' title='bbox 624 2059 678 2105; x_wconf 88' lang='lat' dir='ltr'><strong>resi·</strong></span> <span class='ocrx_word' id='word_1_257' title='bbox 705 2064 741 2109; x_wconf 86' lang='lat' dir='ltr'><strong>ille</strong></span> <span class='ocrx_word' id='word_1_258' title='bbox 756 2063 825 2110; x_wconf 85' lang='lat' dir='ltr'><strong>fidelis</strong></span> <span class='ocrx_word' id='word_1_259' title='bbox 842 2071 864 2110; x_wconf 86' lang='lat' dir='ltr'><strong>et</strong></span> <span class='ocrx_word' id='word_1_260' title='bbox 880 2079 954 2116; x_wconf 75' lang='lat' dir='ltr'><strong>verax,</strong></span> <span class='ocrx_word' id='word_1_261' title='bbox 972 2063 1102 2124; x_wconf 90' lang='lat' dir='ltr'><strong>principium</strong></span> <span class='ocrx_word' id='word_1_262' title='bbox 1119 2063 1167 2124; x_wconf 89' lang='lat' dir='ltr'><strong>opi·</strong></span> 
     </span>
     <span class='ocr_line' id='line_1_28' title="bbox 209 2123 821 2193; baseline -0.003 -18"><span class='ocrx_word' id='word_1_263' title='bbox 209 2130 283 2193; x_wconf 86' lang='lat' dir='ltr'><strong>pisce.</strong></span> <span class='ocrx_word' id='word_1_264' title='bbox 318 2123 385 2180; x_wconf 81' lang='lat' dir='ltr'><strong>Qudd</strong></span> <span class='ocrx_word' id='word_1_265' title='bbox 396 2126 414 2171; x_wconf 88' lang='lat' dir='ltr'><strong>si</strong></span> <span class='ocrx_word' id='word_1_266' title='bbox 426 2141 471 2170; x_wconf 91' lang='lat' dir='ltr'><strong>non</strong></span> <span class='ocrx_word' id='word_1_267' title='bbox 488 2124 621 2186; x_wconf 81' lang='lat' dir='ltr'><strong>vigilaveris,</strong></span> <span class='ocrx_word' id='word_1_268' title='bbox 639 2139 678 2169; x_wconf 88' lang='lat' dir='ltr'><strong>ve-</strong></span> <span class='ocrx_word' id='word_1_269' title='bbox 704 2127 747 2173; x_wconf 86' lang='lat' dir='ltr'><strong>ficii</strong></span> <span class='ocrx_word' id='word_1_270' title='bbox 760 2127 821 2174; x_wconf 85' lang='lat' dir='ltr'><strong>Dei:</strong></span> 
     </span>
    </p>
   </div>
   <div class='ocr_carea' id='block_1_3' title="bbox 217 2187 1167 2318">
    <p class='ocr_par' dir='ltr' id='par_1_3' title="bbox 217 2187 1167 2318">
     <span class='ocr_line' id='line_1_29' title="bbox 217 2187 1167 2252; baseline -0.006 -12"><span class='ocrx_word' id='word_1_271' title='bbox 217 2195 276 2240; x_wconf 85' lang='lat' dir='ltr'><strong>uiam</strong></span> <span class='ocrx_word' id='word_1_272' title='bbox 286 2187 680 2250; x_wconf 79' lang='lat' dir='ltr'><strong>adversdmletanquamfur‚neque</strong></span> <span class='ocrx_word' id='word_1_273' title='bbox 704 2207 713 2214; x_wconf 91' lang='lat'>·</span> <span class='ocrx_word' id='word_1_274' title='bbox 740 2195 768 2238; x_wconf 89' lang='lat'><strong>15</strong></span> <span class='ocrx_word' id='word_1_275' title='bbox 786 2191 847 2238; x_wconf 89' lang='lat' dir='ltr'><strong>Novi</strong></span> <span class='ocrx_word' id='word_1_276' title='bbox 859 2206 926 2252; x_wconf 86' lang='lat' dir='ltr'><strong>opera</strong></span> <span class='ocrx_word' id='word_1_277' title='bbox 936 2197 980 2242; x_wconf 86' lang='lat' dir='ltr'><strong>tua,</strong></span> <span class='ocrx_word' id='word_1_278' title='bbox 998 2205 1078 2248; x_wconf 83' lang='lat' dir='ltr'><strong>nempe</strong></span> <span class='ocrx_word' id='word_1_279' title='bbox 1094 2195 1116 2234; x_wconf 89' lang='lat' dir='ltr'><strong>te</strong></span> <span class='ocrx_word' id='word_1_280' title='bbox 1127 2204 1167 2234; x_wconf 85' lang='lat' dir='ltr'><strong>ne·</strong></span> 
     </span>
     <span class='ocr_line' id='line_1_30' title="bbox 218 2250 1165 2318; baseline -0.006 -14"><span class='ocrx_word' id='word_1_281' title='bbox 218 2257 329 2318; x_wconf 87' lang='lat' dir='ltr'><strong>intelliges</strong></span> <span class='ocrx_word' id='word_1_282' title='bbox 339 2251 383 2316; x_wconf 73' lang='lat' dir='ltr'><strong>qud</strong></span> <span class='ocrx_word' id='word_1_283' title='bbox 393 2252 448 2300; x_wconf 71' lang='lat' dir='ltr'><strong>hora</strong></span> <span class='ocrx_word' id='word_1_284' title='bbox 459 2255 545 2300; x_wconf 85' lang='lat' dir='ltr'><strong>veniam</strong></span> <span class='ocrx_word' id='word_1_285' title='bbox 562 2250 679 2299; x_wconf 80' lang='lat' dir='ltr'><strong>adversum</strong></span> <span class='ocrx_word' id='word_1_286' title='bbox 706 2272 748 2315; x_wconf 86' lang='lat' dir='ltr'><strong>qne</strong></span> <span class='ocrx_word' id='word_1_287' title='bbox 758 2255 862 2316; x_wconf 81' lang='lat' dir='ltr'><strong>frigidum</strong></span> <span class='ocrx_word' id='word_1_288' title='bbox 879 2271 934 2308; x_wconf 86' lang='lat' dir='ltr'><strong>esse,</strong></span> <span class='ocrx_word' id='word_1_289' title='bbox 953 2269 1024 2314; x_wconf 87' lang='lat' dir='ltr'><strong>neque</strong></span> <span class='ocrx_word' id='word_1_290' title='bbox 1040 2253 1165 2298; x_wconf 75' lang='lat' dir='ltr'><strong>serviilumr</strong></span> 
     </span>
    </p>
   </div>
   <div class='ocr_carea' id='block_1_4' title="bbox 170 2317 1230 3716">
    <p class='ocr_par' dir='ltr' id='par_1_4' title="bbox 218 2317 1230 2633">
     <span class='ocr_line' id='line_1_31' title="bbox 218 2317 1230 2380; baseline -0.006 -13"><span class='ocrx_word' id='word_1_291' title='bbox 218 2329 248 2367; x_wconf 89' lang='lat' dir='ltr'><strong>te.</strong></span> <span class='ocrx_word' id='word_1_292' title='bbox 707 2321 789 2366; x_wconf 89' lang='lat' dir='ltr'><strong>utinam</strong></span> <span class='ocrx_word' id='word_1_293' title='bbox 801 2319 894 2380; x_wconf 84' lang='lat' dir='ltr'><strong>frigidus</strong></span> <span class='ocrx_word' id='word_1_294' title='bbox 905 2333 964 2364; x_wconf 88' lang='lat' dir='ltr'><strong>esses</strong></span> <span class='ocrx_word' id='word_1_295' title='bbox 976 2325 1014 2363; x_wconf 93' lang='lat' dir='ltr'><strong>aut</strong></span> <span class='ocrx_word' id='word_1_296' title='bbox 1024 2317 1129 2362; x_wconf 87' lang='lat' dir='ltr'><strong>fervidus.</strong></span> <span class='ocrx_word' id='word_1_297' title='bbox 1228 2371 1230 2374; x_wconf 18' lang='grc' dir='ltr'><strong><em>ι</em></strong></span> 
     </span>
     <span class='ocr_line' id='line_1_32' title="bbox 250 2381 1167 2444; baseline -0.003 -16"><span class='ocrx_word' id='word_1_298' title='bbox 250 2388 266 2428; x_wconf 88' lang='lat'><strong>4</strong></span> <span class='ocrx_word' id='word_1_299' title='bbox 283 2383 360 2430; x_wconf 89' lang='lat' dir='ltr'><strong>Habes</strong></span> <span class='ocrx_word' id='word_1_300' title='bbox 377 2391 453 2428; x_wconf 81' lang='lat' dir='ltr'><strong>tamen</strong></span> <span class='ocrx_word' id='word_1_301' title='bbox 471 2382 553 2442; x_wconf 77' lang='lat' dir='ltr'><strong>aliquot</strong></span> <span class='ocrx_word' id='word_1_302' title='bbox 570 2382 641 2442; x_wconf 82' lang='lat' dir='ltr'><strong>capita</strong></span> <span class='ocrx_word' id='word_1_303' title='bbox 656 2396 681 2426; x_wconf 87' lang='lat' dir='ltr'><strong>e·</strong></span> <span class='ocrx_word' id='word_1_304' title='bbox 741 2389 769 2430; x_wconf 84' lang='lat'><strong>16</strong></span> <span class='ocrx_word' id='word_1_305' title='bbox 787 2382 872 2444; x_wconf 84' lang='lat' dir='ltr'><strong>Itaque,</strong></span> <span class='ocrx_word' id='word_1_306' title='bbox 883 2381 1167 2442; x_wconf 70' lang='lat' dir='ltr'><strong>quoniamtepidusesnec</strong></span> 
     </span>
     <span class='ocr_line' id='line_1_33' title="bbox 218 2443 1225 2508; baseline -0.005 -14"><span class='ocrx_word' id='word_1_307' title='bbox 218 2448 271 2494; x_wconf 89' lang='lat' dir='ltr'><strong>tiarn</strong></span> <span class='ocrx_word' id='word_1_308' title='bbox 284 2447 393 2498; x_wconf 87' lang='lat' dir='ltr'><strong>Sardibus,</strong></span> <span class='ocrx_word' id='word_1_309' title='bbox 406 2461 461 2506; x_wconf 88' lang='lat' dir='ltr'><strong>quae</strong></span> <span class='ocrx_word' id='word_1_310' title='bbox 477 2461 522 2491; x_wconf 91' lang='lat' dir='ltr'><strong>non</strong></span> <span class='ocrx_word' id='word_1_311' title='bbox 540 2443 681 2504; x_wconf 70' lang='lat' dir='ltr'><strong>inquinarunt</strong></span> <span class='ocrx_word' id='word_1_312' title='bbox 706 2448 800 2508; x_wconf 79' lang='lat' dir='ltr'><strong>frigidus</strong></span> <span class='ocrx_word' id='word_1_313' title='bbox 817 2464 857 2494; x_wconf 73' lang='lat' dir='ltr'><strong>nec</strong></span> <span class='ocrx_word' id='word_1_314' title='bbox 873 2445 978 2498; x_wconf 79' lang='lat' dir='ltr'><strong>fervidus,</strong></span> <span class='ocrx_word' id='word_1_315' title='bbox 989 2445 1087 2490; x_wconf 84' lang='lat' dir='ltr'><strong>futurum</strong></span> <span class='ocrx_word' id='word_1_316' title='bbox 1099 2453 1133 2490; x_wconf 85' lang='lat' dir='ltr'><strong>est</strong></span> <span class='ocrx_word' id='word_1_317' title='bbox 1145 2452 1167 2490; x_wconf 89' lang='lat' dir='ltr'><strong>ut</strong></span> <span class='ocrx_word' id='word_1_318' title='bbox 1220 2449 1225 2458; x_wconf 93' lang='lat'><strong><em>‘</em></strong></span> 
     </span>
     <span class='ocr_line' id='line_1_34' title="bbox 219 2510 998 2570; baseline -0.006 -12"><span class='ocrx_word' id='word_1_319' title='bbox 219 2513 352 2558; x_wconf 83' lang='lat' dir='ltr'><strong>vestimenta</strong></span> <span class='ocrx_word' id='word_1_320' title='bbox 377 2525 432 2565; x_wconf 87' lang='lat' dir='ltr'><strong>sua;</strong></span> <span class='ocrx_word' id='word_1_321' title='bbox 467 2510 559 2570; x_wconf 87' lang='lat' dir='ltr'><strong>ideoque</strong></span> <span class='ocrx_word' id='word_1_322' title='bbox 580 2510 682 2554; x_wconf 84' lang='lat' dir='ltr'><strong>incedent</strong></span> <span class='ocrx_word' id='word_1_323' title='bbox 707 2523 727 2558; x_wconf 86' lang='lat' dir='ltr'><strong>te</strong></span> <span class='ocrx_word' id='word_1_324' title='bbox 739 2526 929 2560; x_wconf 83' lang='lat' dir='ltr'><strong>evomamexore</strong></span> <span class='ocrx_word' id='word_1_325' title='bbox 941 2525 998 2554; x_wconf 88' lang='lat' dir='ltr'><strong>meo.</strong></span> 
     </span>
     <span class='ocr_line' id='line_1_35' title="bbox 219 2570 1167 2633; baseline -0.005 -12"><span class='ocrx_word' id='word_1_326' title='bbox 219 2591 305 2621; x_wconf 82' lang='lat' dir='ltr'><strong>mecum</strong></span> <span class='ocrx_word' id='word_1_327' title='bbox 318 2574 397 2628; x_wconf 89' lang='lat' dir='ltr'><strong>albati;</strong></span> <span class='ocrx_word' id='word_1_328' title='bbox 417 2573 478 2633; x_wconf 86' lang='lat' dir='ltr'><strong>digni</strong></span> <span class='ocrx_word' id='word_1_329' title='bbox 489 2574 548 2618; x_wconf 87' lang='lat' dir='ltr'><strong>enirn</strong></span> <span class='ocrx_word' id='word_1_330' title='bbox 560 2584 617 2618; x_wconf 90' lang='lat' dir='ltr'><strong>sunt.</strong></span> <span class='ocrx_word' id='word_1_331' title='bbox 742 2579 769 2619; x_wconf 87' lang='lat'><strong>17</strong></span> <span class='ocrx_word' id='word_1_332' title='bbox 787 2575 847 2620; x_wconf 88' lang='lat' dir='ltr'><strong>Nam</strong></span> <span class='ocrx_word' id='word_1_333' title='bbox 859 2575 919 2627; x_wconf 89' lang='lat' dir='ltr'><strong>dicis,</strong></span> <span class='ocrx_word' id='word_1_334' title='bbox 938 2573 1011 2619; x_wconf 88' lang='lat' dir='ltr'><strong>Dives</strong></span> <span class='ocrx_word' id='word_1_335' title='bbox 1027 2587 1083 2626; x_wconf 85' lang='lat' dir='ltr'><strong>sum,</strong></span> <span class='ocrx_word' id='word_1_336' title='bbox 1100 2579 1123 2617; x_wconf 87' lang='lat' dir='ltr'><strong>et</strong></span> <span class='ocrx_word' id='word_1_337' title='bbox 1134 2570 1167 2616; x_wconf 89' lang='lat' dir='ltr'><strong>di·</strong></span> 
     </span>
    </p>

    <p class='ocr_par' dir='ltr' id='par_1_5' title="bbox 219 2637 1168 2888">
     <span class='ocr_line' id='line_1_36' title="bbox 251 2637 1167 2698; baseline -0.003 -13"><span class='ocrx_word' id='word_1_338' title='bbox 251 2643 266 2685; x_wconf 85' lang='lat'><em>5</em></span> <span class='ocrx_word' id='word_1_339' title='bbox 285 2638 332 2690; x_wconf 86' lang='lat' dir='ltr'><strong>Qui</strong></span> <span class='ocrx_word' id='word_1_340' title='bbox 345 2637 428 2688; x_wconf 90' lang='lat' dir='ltr'><strong>vicerit,</strong></span> <span class='ocrx_word' id='word_1_341' title='bbox 440 2637 554 2681; x_wconf 88' lang='lat' dir='ltr'><strong>amicietur</strong></span> <span class='ocrx_word' id='word_1_342' title='bbox 563 2637 681 2681; x_wconf 85' lang='lat' dir='ltr'><strong>vestimen·</strong></span> <span class='ocrx_word' id='word_1_343' title='bbox 708 2649 765 2684; x_wconf 83' lang='lat' dir='ltr'><strong>tatus</strong></span> <span class='ocrx_word' id='word_1_344' title='bbox 782 2653 838 2691; x_wconf 82' lang='lat' dir='ltr'><strong>sum,</strong></span> <span class='ocrx_word' id='word_1_345' title='bbox 858 2645 882 2684; x_wconf 88' lang='lat' dir='ltr'><strong>et</strong></span> <span class='ocrx_word' id='word_1_346' title='bbox 900 2637 981 2683; x_wconf 87' lang='lat' dir='ltr'><strong>nullius</strong></span> <span class='ocrx_word' id='word_1_347' title='bbox 1000 2651 1071 2698; x_wconf 72' lang='lat' dir='ltr'><strong>egeo:</strong></span> <span class='ocrx_word' id='word_1_348' title='bbox 1097 2651 1167 2694; x_wconf 80' lang='lat' dir='ltr'><strong>neque</strong></span> 
     </span>
     <span class='ocr_line' id='line_1_37' title="bbox 220 2699 1166 2759; baseline -0.004 -11"><span class='ocrx_word' id='word_1_349' title='bbox 220 2702 248 2748; x_wconf 89' lang='lat' dir='ltr'><strong>tis</strong></span> <span class='ocrx_word' id='word_1_350' title='bbox 259 2701 327 2747; x_wconf 82' lang='lat' dir='ltr'><strong>albis:</strong></span> <span class='ocrx_word' id='word_1_351' title='bbox 346 2715 418 2759; x_wconf 88' lang='lat' dir='ltr'><strong>neque</strong></span> <span class='ocrx_word' id='word_1_352' title='bbox 434 2714 531 2757; x_wconf 85' lang='lat' dir='ltr'><strong>unquam</strong></span> <span class='ocrx_word' id='word_1_353' title='bbox 548 2699 623 2744; x_wconf 91' lang='lat' dir='ltr'><strong>delebo</strong></span> <span class='ocrx_word' id='word_1_354' title='bbox 641 2714 681 2744; x_wconf 88' lang='lat' dir='ltr'><strong>no·</strong></span> <span class='ocrx_word' id='word_1_355' title='bbox 708 2703 763 2747; x_wconf 84' lang='lat' dir='ltr'><strong>misti</strong></span> <span class='ocrx_word' id='word_1_356' title='bbox 776 2711 797 2747; x_wconf 89' lang='lat' dir='ltr'><strong>te</strong></span> <span class='ocrx_word' id='word_1_357' title='bbox 808 2717 857 2747; x_wconf 88' lang='lat' dir='ltr'><strong>esse</strong></span> <span class='ocrx_word' id='word_1_358' title='bbox 868 2717 1030 2754; x_wconf 85' lang='lat' dir='ltr'><strong>aerumnosum,</strong></span> <span class='ocrx_word' id='word_1_359' title='bbox 1044 2707 1066 2745; x_wconf 91' lang='lat' dir='ltr'><strong>et</strong></span> <span class='ocrx_word' id='word_1_360' title='bbox 1077 2700 1166 2744; x_wconf 88' lang='lat' dir='ltr'><strong>misera-</strong></span> 
     </span>
     <span class='ocr_line' id='line_1_38' title="bbox 219 2762 1168 2828; baseline -0.001 -17"><span class='ocrx_word' id='word_1_361' title='bbox 219 2781 270 2812; x_wconf 88' lang='lat' dir='ltr'><strong>men</strong></span> <span class='ocrx_word' id='word_1_362' title='bbox 289 2767 336 2825; x_wconf 84' lang='lat' dir='ltr'><strong>ejus</strong></span> <span class='ocrx_word' id='word_1_363' title='bbox 353 2777 382 2808; x_wconf 84' lang='lat' dir='ltr'><strong>ex</strong></span> <span class='ocrx_word' id='word_1_364' title='bbox 398 2762 452 2808; x_wconf 90' lang='lat' dir='ltr'><strong>libro</strong></span> <span class='ocrx_word' id='word_1_365' title='bbox 466 2763 530 2814; x_wconf 80' lang='lat' dir='ltr'><strong>vitae,</strong></span> <span class='ocrx_word' id='word_1_366' title='bbox 551 2762 588 2807; x_wconf 88' lang='lat' dir='ltr'><strong>sed</strong></span> <span class='ocrx_word' id='word_1_367' title='bbox 600 2777 682 2822; x_wconf 79' lang='lat' dir='ltr'><strong>agnos·</strong></span> <span class='ocrx_word' id='word_1_368' title='bbox 707 2766 779 2818; x_wconf 89' lang='lat' dir='ltr'><strong>bilem,</strong></span> <span class='ocrx_word' id='word_1_369' title='bbox 798 2774 821 2811; x_wconf 89' lang='lat' dir='ltr'><strong>et</strong></span> <span class='ocrx_word' id='word_1_370' title='bbox 837 2781 963 2828; x_wconf 79' lang='lat' dir='ltr'><strong>pauperem,</strong></span> <span class='ocrx_word' id='word_1_371' title='bbox 985 2773 1007 2810; x_wconf 86' lang='lat' dir='ltr'><strong>et</strong></span> <span class='ocrx_word' id='word_1_372' title='bbox 1029 2779 1125 2817; x_wconf 84' lang='lat' dir='ltr'><strong>caecum,</strong></span> <span class='ocrx_word' id='word_1_373' title='bbox 1147 2771 1168 2810; x_wconf 88' lang='lat' dir='ltr'><strong>el</strong></span> 
     </span>
     <span class='ocr_line' id='line_1_39' title="bbox 220 2824 799 2888; baseline 0.002 -14"><span class='ocrx_word' id='word_1_374' title='bbox 220 2844 268 2876; x_wconf 86' lang='lat' dir='ltr'><strong>carn</strong></span> <span class='ocrx_word' id='word_1_375' title='bbox 279 2841 361 2874; x_wconf 89' lang='lat' dir='ltr'><strong>nornen</strong></span> <span class='ocrx_word' id='word_1_376' title='bbox 372 2828 419 2888; x_wconf 72' lang='lat' dir='ltr'><strong>eJus</strong></span> <span class='ocrx_word' id='word_1_377' title='bbox 430 2841 505 2871; x_wconf 87' lang='lat' dir='ltr'><strong>coram</strong></span> <span class='ocrx_word' id='word_1_378' title='bbox 518 2824 584 2871; x_wconf 88' lang='lat' dir='ltr'><strong>Patre</strong></span> <span class='ocrx_word' id='word_1_379' title='bbox 595 2840 651 2879; x_wconf 90' lang='lat' dir='ltr'><strong>meo,</strong></span> <span class='ocrx_word' id='word_1_380' title='bbox 661 2833 684 2874; x_wconf 77' lang='lat' dir='ltr'><strong>et</strong></span> <span class='ocrx_word' id='word_1_381' title='bbox 709 2831 799 2875; x_wconf 90' lang='lat' dir='ltr'><strong>nudum.</strong></span> 
     </span>
    </p>

    <p class='ocr_par' dir='ltr' id='par_1_6' title="bbox 170 2891 1169 3400">
     <span class='ocr_line' id='line_1_40' title="bbox 221 2891 1169 2952; baseline -0.005 -13"><span class='ocrx_word' id='word_1_382' title='bbox 221 2908 295 2939; x_wconf 86' lang='lat' dir='ltr'><strong>coram</strong></span> <span class='ocrx_word' id='word_1_383' title='bbox 307 2891 391 2952; x_wconf 87' lang='lat' dir='ltr'><strong>angelis</strong></span> <span class='ocrx_word' id='word_1_384' title='bbox 402 2891 457 2952; x_wconf 88' lang='lat' dir='ltr'><strong>ejus.</strong></span> <span class='ocrx_word' id='word_1_385' title='bbox 743 2897 771 2938; x_wconf 82' lang='lat'><strong>18</strong></span> <span class='ocrx_word' id='word_1_386' title='bbox 789 2893 875 2940; x_wconf 83' lang='lat' dir='ltr'><strong>Suadeo</strong></span> <span class='ocrx_word' id='word_1_387' title='bbox 891 2892 935 2945; x_wconf 90' lang='lat' dir='ltr'><strong>tibi,</strong></span> <span class='ocrx_word' id='word_1_388' title='bbox 952 2898 977 2938; x_wconf 92' lang='lat' dir='ltr'><strong>ut</strong></span> <span class='ocrx_word' id='word_1_389' title='bbox 987 2907 1048 2938; x_wconf 86' lang='lat' dir='ltr'><strong>emas</strong></span> <span class='ocrx_word' id='word_1_390' title='bbox 1059 2905 1072 2936; x_wconf 86' lang='lat' dir='ltr'><strong>a</strong></span> <span class='ocrx_word' id='word_1_391' title='bbox 1082 2905 1118 2934; x_wconf 90' lang='lat' dir='ltr'><strong>me</strong></span> <span class='ocrx_word' id='word_1_392' title='bbox 1129 2904 1169 2935; x_wconf 88' lang='lat' dir='ltr'><strong>au·</strong></span> 
     </span>
     <span class='ocr_line' id='line_1_41' title="bbox 170 2947 1167 3018; baseline -0.005 -15"><span class='ocrx_word' id='word_1_393' title='bbox 170 2947 177 2960; x_wconf 81' lang='grc'><strong>’</strong></span> <span class='ocrx_word' id='word_1_394' title='bbox 253 2962 268 3003; x_wconf 90' lang='grc'><strong>6</strong></span> <span class='ocrx_word' id='word_1_395' title='bbox 286 2956 331 3010; x_wconf 79' lang='lat' dir='ltr'><strong>Qui</strong></span> <span class='ocrx_word' id='word_1_396' title='bbox 351 2957 416 3001; x_wconf 90' lang='lat' dir='ltr'><strong>habet</strong></span> <span class='ocrx_word' id='word_1_397' title='bbox 437 2969 518 3008; x_wconf 84' lang='lat' dir='ltr'><strong>aurem,</strong></span> <span class='ocrx_word' id='word_1_398' title='bbox 541 2954 614 3000; x_wconf 88' lang='lat' dir='ltr'><strong>audiat</strong></span> <span class='ocrx_word' id='word_1_399' title='bbox 632 2954 684 3015; x_wconf 86' lang='lat' dir='ltr'><strong>quid</strong></span> <span class='ocrx_word' id='word_1_400' title='bbox 709 2973 757 3003; x_wconf 92' lang='lat' dir='ltr'><strong>rum</strong></span> <span class='ocrx_word' id='word_1_401' title='bbox 774 2958 820 3018; x_wconf 83' lang='lat' dir='ltr'><strong>igni</strong></span> <span class='ocrx_word' id='word_1_402' title='bbox 837 2957 982 3017; x_wconf 86' lang='lat' dir='ltr'><strong>exploratum,</strong></span> <span class='ocrx_word' id='word_1_403' title='bbox 1000 2964 1025 3000; x_wconf 89' lang='lat' dir='ltr'><strong>ut</strong></span> <span class='ocrx_word' id='word_1_404' title='bbox 1040 2955 1101 2999; x_wconf 89' lang='lat' dir='ltr'><strong>dives</strong></span> <span class='ocrx_word' id='word_1_405' title='bbox 1112 2953 1167 2998; x_wconf 82' lang='lat' dir='ltr'><strong>lias:</strong></span> 
     </span>
     <span class='ocr_line' id='line_1_42' title="bbox 223 3018 1168 3083; baseline -0.007 -15"><span class='ocrx_word' id='word_1_406' title='bbox 223 3021 317 3083; x_wconf 79' lang='lat' dir='ltr'><strong>Spiritus</strong></span> <span class='ocrx_word' id='word_1_407' title='bbox 328 3021 386 3066; x_wconf 80' lang='lat' dir='ltr'><strong>dicut</strong></span> <span class='ocrx_word' id='word_1_408' title='bbox 396 3019 501 3065; x_wconf 82' lang='lat' dir='ltr'><strong>ecclesiis·</strong></span> <span class='ocrx_word' id='word_1_409' title='bbox 708 3030 731 3068; x_wconf 90' lang='lat' dir='ltr'><strong>et</strong></span> <span class='ocrx_word' id='word_1_410' title='bbox 748 3021 879 3066; x_wconf 87' lang='lat' dir='ltr'><strong>vestimenta</strong></span> <span class='ocrx_word' id='word_1_411' title='bbox 896 3020 950 3073; x_wconf 85' lang='lat' dir='ltr'><strong>alba,</strong></span> <span class='ocrx_word' id='word_1_412' title='bbox 969 3027 993 3064; x_wconf 92' lang='lat' dir='ltr'><strong>ut</strong></span> <span class='ocrx_word' id='word_1_413' title='bbox 1009 3018 1112 3071; x_wconf 88' lang='lat' dir='ltr'><strong>induaris,</strong></span> <span class='ocrx_word' id='word_1_414' title='bbox 1129 3031 1168 3062; x_wconf 87' lang='lat' dir='ltr'><strong>nec</strong></span> 
     </span>
     <span class='ocr_line' id='line_1_43' title="bbox 191 3079 1168 3146; baseline -0.006 -15"><span class='ocrx_word' id='word_1_415' title='bbox 191 3095 197 3102; x_wconf 80' lang='lat'><em>&#39;</em></span> <span class='ocrx_word' id='word_1_416' title='bbox 262 3088 276 3131; x_wconf 85' lang='lat'><strong>7</strong></span> <span class='ocrx_word' id='word_1_417' title='bbox 301 3084 392 3145; x_wconf 82' lang='lat' dir='ltr'><strong>Angelo</strong></span> <span class='ocrx_word' id='word_1_418' title='bbox 414 3079 467 3128; x_wconf 77' lang='lat' dir='ltr'><strong>verri</strong></span> <span class='ocrx_word' id='word_1_419' title='bbox 489 3080 685 3142; x_wconf 84' lang='lat' dir='ltr'><strong>Philadelphiensis</strong></span> <span class='ocrx_word' id='word_1_420' title='bbox 709 3091 811 3146; x_wconf 77' lang='lat' dir='ltr'><strong>appareat</strong></span> <span class='ocrx_word' id='word_1_421' title='bbox 827 3085 922 3130; x_wconf 83' lang='lat' dir='ltr'><strong>dedecus</strong></span> <span class='ocrx_word' id='word_1_422' title='bbox 939 3081 1043 3128; x_wconf 87' lang='lat' dir='ltr'><strong>nuditatis</strong></span> <span class='ocrx_word' id='word_1_423' title='bbox 1061 3088 1127 3135; x_wconf 87' lang='lat' dir='ltr'><strong>tuae;</strong></span> <span class='ocrx_word' id='word_1_424' title='bbox 1148 3089 1168 3126; x_wconf 83' lang='grc' dir='ltr'><strong>ε’.</strong></span> 
     </span>
     <span class='ocr_line' id='line_1_44' title="bbox 221 3145 1169 3209; baseline -0.015 -7"><span class='ocrx_word' id='word_1_425' title='bbox 221 3149 326 3196; x_wconf 66' lang='lat' dir='ltr'><strong>eeclesiae</strong></span> <span class='ocrx_word' id='word_1_426' title='bbox 342 3147 418 3201; x_wconf 62' lang='lat' dir='ltr'><strong>scribe»</strong></span> <span class='ocrx_word' id='word_1_427' title='bbox 439 3145 504 3192; x_wconf 80' lang='lat' dir='ltr'><strong>Ilaec</strong></span> <span class='ocrx_word' id='word_1_428' title='bbox 520 3146 573 3191; x_wconf 87' lang='lat' dir='ltr'><strong>dicit</strong></span> <span class='ocrx_word' id='word_1_429' title='bbox 590 3146 684 3192; x_wconf 78' lang='lat' dir='ltr'><strong>sanetur</strong></span> <span class='ocrx_word' id='word_1_430' title='bbox 709 3149 801 3208; x_wconf 86' lang='lat' dir='ltr'><strong>collyrio</strong></span> <span class='ocrx_word' id='word_1_431' title='bbox 818 3148 913 3209; x_wconf 83' lang='lat' dir='ltr'><strong>inungas</strong></span> <span class='ocrx_word' id='word_1_432' title='bbox 931 3145 1008 3192; x_wconf 89' lang='lat' dir='ltr'><strong>oculos</strong></span> <span class='ocrx_word' id='word_1_433' title='bbox 1025 3153 1082 3198; x_wconf 90' lang='lat' dir='ltr'><strong>tuos,</strong></span> <span class='ocrx_word' id='word_1_434' title='bbox 1101 3145 1169 3190; x_wconf 83' lang='lat' dir='ltr'><strong>utri·</strong></span> 
     </span>
     <span class='ocr_line' id='line_1_45' title="bbox 222 3209 768 3270; baseline -0.011 -11"><span class='ocrx_word' id='word_1_435' title='bbox 222 3221 243 3259; x_wconf 79' lang='lat' dir='ltr'><strong>et</strong></span> <span class='ocrx_word' id='word_1_436' title='bbox 255 3227 322 3258; x_wconf 74' lang='lat' dir='ltr'><strong>verax</strong></span> <span class='ocrx_word' id='word_1_437' title='bbox 333 3211 376 3264; x_wconf 91' lang='lat' dir='ltr'><strong>ille,</strong></span> <span class='ocrx_word' id='word_1_438' title='bbox 391 3211 427 3270; x_wconf 90' lang='lat' dir='ltr'><strong>qui</strong></span> <span class='ocrx_word' id='word_1_439' title='bbox 438 3210 503 3268; x_wconf 83' lang='lat' dir='ltr'><strong>habet</strong></span> <span class='ocrx_word' id='word_1_440' title='bbox 513 3210 598 3254; x_wconf 86' lang='lat' dir='ltr'><strong>clavem</strong></span> <span class='ocrx_word' id='word_1_441' title='bbox 611 3209 684 3254; x_wconf 84' lang='lat' dir='ltr'><strong>Davi·</strong></span> <span class='ocrx_word' id='word_1_442' title='bbox 709 3213 768 3258; x_wconf 83' lang='lat' dir='ltr'><strong>deas.</strong></span> 
     </span>
     <span class='ocr_line' id='line_1_46' title="bbox 222 3273 1168 3337; baseline -0.005 -16"><span class='ocrx_word' id='word_1_443' title='bbox 222 3276 261 3330; x_wconf 87' lang='lat' dir='ltr'><strong>dis,</strong></span> <span class='ocrx_word' id='word_1_444' title='bbox 273 3275 310 3336; x_wconf 91' lang='lat' dir='ltr'><strong>qui</strong></span> <span class='ocrx_word' id='word_1_445' title='bbox 322 3277 397 3336; x_wconf 84' lang='lat' dir='ltr'><strong>aperit,</strong></span> <span class='ocrx_word' id='word_1_446' title='bbox 409 3283 432 3320; x_wconf 89' lang='lat' dir='ltr'><strong>et</strong></span> <span class='ocrx_word' id='word_1_447' title='bbox 439 3289 504 3318; x_wconf 88' lang='lat' dir='ltr'><strong>nemo</strong></span> <span class='ocrx_word' id='word_1_448' title='bbox 513 3273 606 3328; x_wconf 85' lang='lat' dir='ltr'><strong>claudit;</strong></span> <span class='ocrx_word' id='word_1_449' title='bbox 623 3273 683 3318; x_wconf 82' lang='lat' dir='ltr'><strong>clau-</strong></span> <span class='ocrx_word' id='word_1_450' title='bbox 744 3279 773 3322; x_wconf 86' lang='lat'><strong>19</strong></span> <span class='ocrx_word' id='word_1_451' title='bbox 791 3274 851 3337; x_wconf 80' lang='lat' dir='ltr'><strong>Ego,</strong></span> <span class='ocrx_word' id='word_1_452' title='bbox 869 3289 1012 3335; x_wconf 89' lang='lat' dir='ltr'><strong>quoscunque</strong></span> <span class='ocrx_word' id='word_1_453' title='bbox 1028 3287 1084 3325; x_wconf 79' lang='lat' dir='ltr'><strong>arno,</strong></span> <span class='ocrx_word' id='word_1_454' title='bbox 1102 3285 1168 3332; x_wconf 75' lang='lat' dir='ltr'><strong>argue</strong></span> 
     </span>
     <span class='ocr_line' id='line_1_47' title="bbox 224 3336 1164 3400; baseline -0.007 -13"><span class='ocrx_word' id='word_1_455' title='bbox 224 3341 260 3393; x_wconf 81' lang='lat' dir='ltr'><strong>dit,</strong></span> <span class='ocrx_word' id='word_1_456' title='bbox 272 3347 295 3384; x_wconf 88' lang='lat' dir='ltr'><strong>et</strong></span> <span class='ocrx_word' id='word_1_457' title='bbox 307 3354 372 3384; x_wconf 90' lang='lat' dir='ltr'><strong>nemo</strong></span> <span class='ocrx_word' id='word_1_458' title='bbox 383 3339 466 3398; x_wconf 84' lang='lat' dir='ltr'><strong>aperit:</strong></span> <span class='ocrx_word' id='word_1_459' title='bbox 711 3347 733 3386; x_wconf 90' lang='lat' dir='ltr'><strong>et</strong></span> <span class='ocrx_word' id='word_1_460' title='bbox 744 3339 845 3400; x_wconf 81' lang='lat' dir='ltr'><strong>castigo:</strong></span> <span class='ocrx_word' id='word_1_461' title='bbox 862 3339 924 3385; x_wconf 78' lang='lat' dir='ltr'><strong>serve</strong></span> <span class='ocrx_word' id='word_1_462' title='bbox 935 3339 1009 3398; x_wconf 84' lang='lat' dir='ltr'><strong>igitur,</strong></span> <span class='ocrx_word' id='word_1_463' title='bbox 1021 3345 1044 3382; x_wconf 89' lang='lat' dir='ltr'><strong>et</strong></span> <span class='ocrx_word' id='word_1_464' title='bbox 1055 3336 1164 3396; x_wconf 74' lang='lat' dir='ltr'><strong>resipisoe.</strong></span> 
     </span>
    </p>

    <p class='ocr_par' dir='ltr' id='par_1_7' title="bbox 224 3399 1169 3716">
     <span class='ocr_line' id='line_1_48' title="bbox 256 3399 1169 3462; baseline -0.002 -14"><span class='ocrx_word' id='word_1_465' title='bbox 256 3407 269 3448; x_wconf 85' lang='grc'><strong>8</strong></span> <span class='ocrx_word' id='word_1_466' title='bbox 288 3401 348 3447; x_wconf 88' lang='lat' dir='ltr'><strong>Novi</strong></span> <span class='ocrx_word' id='word_1_467' title='bbox 360 3417 427 3462; x_wconf 87' lang='lat' dir='ltr'><strong>opera</strong></span> <span class='ocrx_word' id='word_1_468' title='bbox 438 3409 488 3447; x_wconf 89' lang='lat' dir='ltr'><strong>tua:</strong></span> <span class='ocrx_word' id='word_1_469' title='bbox 508 3415 564 3454; x_wconf 77' lang='lat' dir='ltr'><strong>ecce,</strong></span> <span class='ocrx_word' id='word_1_470' title='bbox 582 3399 685 3460; x_wconf 89' lang='lat' dir='ltr'><strong>proposui</strong></span> <span class='ocrx_word' id='word_1_471' title='bbox 744 3409 776 3449; x_wconf 79' lang='lat'><strong>20</strong></span> <span class='ocrx_word' id='word_1_472' title='bbox 793 3403 860 3454; x_wconf 86' lang='lat' dir='ltr'><strong>Ecce,</strong></span> <span class='ocrx_word' id='word_1_473' title='bbox 879 3411 913 3448; x_wconf 90' lang='lat' dir='ltr'><strong>sto</strong></span> <span class='ocrx_word' id='word_1_474' title='bbox 924 3411 976 3447; x_wconf 88' lang='lat' dir='ltr'><strong>ante</strong></span> <span class='ocrx_word' id='word_1_475' title='bbox 987 3401 1074 3452; x_wconf 83' lang='lat' dir='ltr'><strong>ostium,</strong></span> <span class='ocrx_word' id='word_1_476' title='bbox 1089 3406 1112 3445; x_wconf 88' lang='lat' dir='ltr'><strong>et</strong></span> <span class='ocrx_word' id='word_1_477' title='bbox 1122 3399 1169 3459; x_wconf 86' lang='lat' dir='ltr'><strong>pul·</strong></span> 
     </span>
     <span class='ocr_line' id='line_1_49' title="bbox 224 3465 1169 3526; baseline -0.006 -12"><span class='ocrx_word' id='word_1_478' title='bbox 224 3467 260 3514; x_wconf 79' lang='lat' dir='ltr'><strong>tibi</strong></span> <span class='ocrx_word' id='word_1_479' title='bbox 280 3467 360 3512; x_wconf 88' lang='lat' dir='ltr'><strong>ostium</strong></span> <span class='ocrx_word' id='word_1_480' title='bbox 379 3472 486 3526; x_wconf 88' lang='lat' dir='ltr'><strong>apertum,</strong></span> <span class='ocrx_word' id='word_1_481' title='bbox 508 3479 550 3510; x_wconf 85' lang='lat' dir='ltr'><strong>nec</strong></span> <span class='ocrx_word' id='word_1_482' title='bbox 570 3465 685 3524; x_wconf 76' lang='lat' dir='ltr'><strong>quisqam</strong></span> <span class='ocrx_word' id='word_1_483' title='bbox 712 3483 750 3513; x_wconf 88' lang='lat' dir='ltr'><strong>so:</strong></span> <span class='ocrx_word' id='word_1_484' title='bbox 771 3467 838 3526; x_wconf 88' lang='lat' dir='ltr'><strong>siquis</strong></span> <span class='ocrx_word' id='word_1_485' title='bbox 849 3466 941 3512; x_wconf 87' lang='lat' dir='ltr'><strong>audierit</strong></span> <span class='ocrx_word' id='word_1_486' title='bbox 958 3479 1036 3510; x_wconf 88' lang='lat' dir='ltr'><strong>vocem</strong></span> <span class='ocrx_word' id='word_1_487' title='bbox 1056 3478 1134 3516; x_wconf 81' lang='lat' dir='ltr'><strong>meam,</strong></span> <span class='ocrx_word' id='word_1_488' title='bbox 1151 3477 1169 3509; x_wconf 77' lang='lat' dir='ltr'><strong>u</strong></span> 
     </span>
     <span class='ocr_line' id='line_1_50' title="bbox 224 3526 1169 3594; baseline -0.006 -15"><span class='ocrx_word' id='word_1_489' title='bbox 224 3538 296 3594; x_wconf 63' lang='lat' dir='ltr'><strong>potest</strong></span> <span class='ocrx_word' id='word_1_490' title='bbox 312 3529 414 3574; x_wconf 68' lang='lat' dir='ltr'><strong>claudere</strong></span> <span class='ocrx_word' id='word_1_491' title='bbox 430 3529 483 3574; x_wconf 84' lang='lat' dir='ltr'><strong>illud</strong></span> <span class='ocrx_word' id='word_1_492' title='bbox 491 3545 498 3585; x_wconf 88' lang='lat'>;</span> <span class='ocrx_word' id='word_1_493' title='bbox 522 3528 573 3587; x_wconf 68' lang='lat' dir='ltr'><strong>quia</strong></span> <span class='ocrx_word' id='word_1_494' title='bbox 588 3526 685 3574; x_wconf 78' lang='lat' dir='ltr'><strong>nonnul·</strong></span> <span class='ocrx_word' id='word_1_495' title='bbox 712 3532 820 3592; x_wconf 87' lang='lat' dir='ltr'><strong>aperuerit</strong></span> <span class='ocrx_word' id='word_1_496' title='bbox 831 3531 919 3583; x_wconf 90' lang='lat' dir='ltr'><strong>ostium,</strong></span> <span class='ocrx_word' id='word_1_497' title='bbox 927 3529 1038 3590; x_wconf 86' lang='lat' dir='ltr'><strong>ingrediar</strong></span> <span class='ocrx_word' id='word_1_498' title='bbox 1046 3527 1074 3573; x_wconf 86' lang='lat' dir='ltr'><strong>ad</strong></span> <span class='ocrx_word' id='word_1_499' title='bbox 1082 3542 1139 3581; x_wconf 80' lang='lat' dir='ltr'><strong>eum,</strong></span> <span class='ocrx_word' id='word_1_500' title='bbox 1151 3543 1169 3573; x_wconf 81' lang='lat' dir='ltr'><strong>e·</strong></span> 
     </span>
     <span class='ocr_line' id='line_1_51' title="bbox 224 3588 1110 3654; baseline -0.005 -14"><span class='ocrx_word' id='word_1_501' title='bbox 224 3595 267 3640; x_wconf 81' lang='lat' dir='ltr'><strong>lam</strong></span> <span class='ocrx_word' id='word_1_502' title='bbox 289 3593 355 3638; x_wconf 83' lang='lat' dir='ltr'><strong>habes</strong></span> <span class='ocrx_word' id='word_1_503' title='bbox 382 3593 494 3646; x_wconf 88' lang='lat' dir='ltr'><strong>virtutem,</strong></span> <span class='ocrx_word' id='word_1_504' title='bbox 521 3599 545 3638; x_wconf 91' lang='lat' dir='ltr'><strong>et</strong></span> <span class='ocrx_word' id='word_1_505' title='bbox 565 3588 685 3638; x_wconf 75' lang='lat' dir='ltr'><strong>observiistl</strong></span> <span class='ocrx_word' id='word_1_506' title='bbox 712 3597 809 3641; x_wconf 86' lang='lat' dir='ltr'><strong>coenabo</strong></span> <span class='ocrx_word' id='word_1_507' title='bbox 820 3600 950 3648; x_wconf 71' lang='lat' dir='ltr'><strong>cumeoet</strong></span> <span class='ocrx_word' id='word_1_508' title='bbox 961 3594 1110 3654; x_wconf 80' lang='lat' dir='ltr'><strong>ipsemecum.</strong></span> 
     </span>
     <span class='ocr_line' id='line_1_52' title="bbox 225 3652 1169 3716; baseline -0.004 -12"><span class='ocrx_word' id='word_1_509' title='bbox 225 3670 348 3704; x_wconf 77' lang='lat' dir='ltr'><strong>termonem</strong></span> <span class='ocrx_word' id='word_1_510' title='bbox 370 3671 452 3710; x_wconf 88' lang='lat' dir='ltr'><strong>meum,</strong></span> <span class='ocrx_word' id='word_1_511' title='bbox 479 3671 551 3714; x_wconf 79' lang='lat' dir='ltr'><strong>neque</strong></span> <span class='ocrx_word' id='word_1_512' title='bbox 572 3652 686 3716; x_wconf 68' lang='lat' dir='ltr'><strong>abuegfisfl</strong></span> <span class='ocrx_word' id='word_1_513' title='bbox 745 3663 774 3704; x_wconf 76' lang='lat'><strong>21</strong></span> <span class='ocrx_word' id='word_1_514' title='bbox 795 3658 842 3712; x_wconf 84' lang='lat' dir='ltr'><strong>Qui</strong></span> <span class='ocrx_word' id='word_1_515' title='bbox 860 3657 942 3711; x_wconf 74' lang='lat' dir='ltr'><strong>vicerit,</strong></span> <span class='ocrx_word' id='word_1_516' title='bbox 960 3657 1053 3702; x_wconf 75' lang='lat' dir='ltr'><strong>tribuum</strong></span> <span class='ocrx_word' id='word_1_517' title='bbox 1067 3655 1088 3701; x_wconf 85' lang='lat' dir='ltr'><strong>ei</strong></span> <span class='ocrx_word' id='word_1_518' title='bbox 1104 3668 1169 3700; x_wconf 76' lang='lat' dir='ltr'><strong>utto-</strong></span> 
     </span>
    </p>
   </div>
   <div class='ocr_carea' id='block_1_5' title="bbox 226 3723 1171 3821">
    <p class='ocr_par' dir='ltr' id='par_1_8' title="bbox 226 3723 1171 3821">
     <span class='ocr_line' id='line_1_53' title="bbox 226 3723 1171 3821; baseline -0.002 -57"><span class='ocrx_word' id='word_1_519' title='bbox 226 3733 305 3764; x_wconf 81' lang='lat' dir='ltr'><strong>uonruu</strong></span> <span class='ocrx_word' id='word_1_520' title='bbox 317 3733 398 3764; x_wconf 83' lang='lat' dir='ltr'><strong>meum.</strong></span> <span class='ocrx_word' id='word_1_521' title='bbox 430 3776 477 3821; x_wconf 65' lang='lat' dir='ltr'><strong><em>m</em></strong></span> <span class='ocrx_word' id='word_1_522' title='bbox 715 3723 894 3768; x_wconf 67' lang='lat' dir='ltr'><strong>rie—numerorum</strong></span> <span class='ocrx_word' id='word_1_523' title='bbox 907 3723 986 3767; x_wconf 87' lang='lat' dir='ltr'><strong>throno</strong></span> <span class='ocrx_word' id='word_1_524' title='bbox 998 3735 1055 3772; x_wconf 83' lang='lat' dir='ltr'><strong>meo,</strong></span> <span class='ocrx_word' id='word_1_525' title='bbox 1068 3726 1171 3778; x_wconf 71' lang='lat' dir='ltr'><strong>utetega</strong></span> 
     </span>
    </p>
   </div>
   <div class='ocr_carea' id='block_1_6' title="bbox 0 0 1382 4312">
    <p class='ocr_par' dir='ltr' id='par_1_9' title="bbox 0 0 1382 4312">
     <span class='ocr_line' id='line_1_54' title="bbox 0 0 1382 4312; baseline 0 0"><span class='ocrx_word' id='word_1_526' title='bbox 0 0 1382 4312; x_wconf 95' lang='lat' dir='ltr'><strong> </strong></span> 
     </span>
    </p>
   </div>
  </div>
 </body>
</html>
