2720 4312
483 402 532 455 ΑΙ)
548 401 725 459 EPHESIOS,
748 401 794 451 lv.

151 512 222 558 mida
232 511 289 559 baec
302 508 538 574 condiditperdesum
545 509 625 560 Chris·
688 515 705 558 4
723 508 801 558 Unum
812 519 845 558 cst
855 517 967 574 corpuset
978 527 1036 560 nau
1052 510 1109 573 Spart

150 581 213 632 tum
656 584 699 630 tus,
711 577 766 622 sicut
777 584 800 622 et
808 577 879 622 vocati
888 577 941 623 estis
948 577 971 623 in
979 591 1046 624 unm
1057 591 1119 640 spem

182 643 213 686 iu
231 639 266 687 Ut
284 650 343 688 nota
359 656 421 688 nunc
440 639 479 686 fiat
497 645 535 702 per
551 639 624 688 eccle·
657 641 780 692 vocationis
791 649 890 688 vestrae:

151 704 203 751 siam
214 707 319 766 imperiis
331 721 358 751 ac
369 705 516 766 potestatibus
526 720 586 764 quoe
602 705 624 750 in
689 708 704 751 5
724 703 789 752 Unus
801 704 921 758 Dominus,
934 703 1046 760 unahdca,
1054 719 1120 764 uuum

151 768 216 814 cuelin
229 777 292 826 runt,
304 769 453 816 multiformis
467 768 504 816 iila
520 769 627 831 sapientia
656 770 777 830 baptismus

154 831 211 879 Dei:
689 839 704 879 6
718 832 784 880 Unus
793 832 887 880 Deuset
900 831 965 880 Pater
972 833 1079 888 omniurn,
1086 847 1121 894 qia

184 900 209 942 11
232 895 368 944 Secunddm
392 896 531 958 propositum
554 904 625 942 senr—
657 905 768 958 estsuper
779 913 864 945 omnes.
875 905 898 942 et
909 914 948 960 per
959 914 1044 953 ornnes,
1060 898 1121 947 eti!

151 962 456 1072 bumnquodconstrtuitin
468 959 625 1009 OEiristodesu
657 962 853 1073 onrpiiisippdvobia.⁸
951 1025 987 1072 ιώ
1021 1025 1073 1073 du
1088 1031 1121 1076 α

177 1041 256 1072 omino
269 1035 369 1074 nostros
780 1039 854 1072 unicui
870 1039 950 1071 uenos
988 1040 1010 1070 m
1036 1041 1048 1071 a

187 1088 266 1136 121n
297 1106 345 1151 quo
372 1090 479 1136 habemus
506 1089 628 1136 ldiertatem
659 1090 732 1152 gratia
741 1105 783 1150 pro
794 1040 898 1136 memdrd
908 1089 960 1135 doni
973 1087 1064 1137 Christi.

152 1160 173 1200 et
184 1153 271 1200 aditum
281 1170 336 1200 cum
352 1149 440 1209 ddunt,
456 1169 496 1216 per
511 1153 578 1202 fidem
594 1153 629 1215 ip·
694 1158 708 1200 8
726 1153 869 1216 Quapropter
879 1153 938 1208 dicit,
951 1153 1029 1208 Quum
1046 1169 1124 1202 asem·

153 1231 205 1264 aas.
660 1218 728 1266 disset
755 1218 778 1264 in
805 1217 904 1271 sublime,
931 1218 1041 1280 captiuam
1063 1219 1125 1268 duxit

188 1285 217 1327 13
236 1282 387 1344 Quapropter
407 1289 459 1344 peto
480 1297 510 1330 ne
536 1297 629 1343 segnes·
660 1282 818 1344 captivitatem,
836 1290 860 1328 et
875 1282 936 1330 dedit
955 1283 1014 1329 dona
1029 1283 1124 1329 homini·

154 1346 209 1393 eatis
226 1349 256 1394 ob
274 1347 409 1394 afflictiones
425 1361 485 1393 meas
500 1362 541 1409 pio
560 1347 629 1400 vobis,
660 1346 708 1393 bus.

154 1419 255 1470 quaeest
266 1409 344 1473 gloria
354 1418 436 1457 vestra.
694 1416 709 1459 9
726 1407 848 1460 Caetcrdin
861 1411 914 1458 illud
922 1411 1028 1465 ascendit,
1035 1403 1132 1472 quidest

190 1479 220 1520 14
238 1475 363 1538 Hujusrei
381 1469 454 1536 gratia
471 1473 538 1521 flecto
555 1489 630 1536 genua
661 1475 702 1522 nisi
714 1473 773 1536 qudd
784 1476 849 1522 etiam
867 1476 1011 1523 descenderat
1027 1474 1087 1538 priris
1104 1478 1126 1524 in
1214 1533 1218 1542 ι

156 1552 206 1586 mea
217 1541 246 1586 ad
259 1539 354 1587 Patrem
372 1539 467 1586 Domini
484 1540 554 1586 nostri
573 1537 629 1587 Jesu
659 1539 746 1588 infimas
757 1551 830 1602 partes
841 1539 928 1588 terrae?

158 1601 253 1658 Christi,
695 1609 725 1652 10
747 1605 793 1659 Qui
809 1606 959 1660 descenderat,
976 1605 1023 1666 ipse
1039 1613 1073 1651 est
1090 1608 1127 1665 qrd

192 1671 221 1716 15
240 1669 283 1715 Ex
294 1684 338 1729 quo
350 1675 397 1714 tota
407 1667 519 1714 familiaiu
531 1667 630 1714 cueiiset
659 1669 725 1715 etiarn
747 1670 846 1716 ascendit
868 1666 937 1730 longe
958 1685 1025 1731 supra
1048 1685 1126 1716 uuinea

157 1747 180 1778 .n
191 1731 253 1779 terrai
264 1734 400 1786 nominatur,
660 1734 741 1786 coelos,
753 1741 778 1779 ut
789 1733 889 1792 impleret
900 1733 982 1778 omnia.

193 1801 223 1844 16
243 1797 281 1846 Ut
296 1797 334 1842 det
352 1797 423 1849 vobis,
439 1811 480 1857 pro
499 1795 568 1842 diuite
587 1792 627 1842 suia
695 1801 720 1843 11
753 1795 777 1843 is
795 1796 864 1858 igitur
882 1797 943 1842 dedit
962 1796 1018 1842 aiios
1039 1793 1127 1855 nuidis!

159 1861 239 1922 gioria,
258 1869 285 1908 ut
301 1861 389 1906 fortiter
405 1861 576 1906 corroboremini
591 1875 630 1920 per
660 1860 779 1922 apostolos,
796 1861 852 1906 alios
863 1857 916 1906 rerd
932 1861 1056 1920 propbetas,
1074 1861 1127 1907 alius

160 1927 271 1986 Spiritum
294 1940 359 1972 suurn
381 1925 405 1971 in
429 1925 534 1971 interiore
556 1924 629 1969 homi·
661 1935 735 1972 autem
746 1924 902 1986 evangelistas,
913 1923 969 1969 alius
985 1931 1059 1968 autem
1076 1939 1127 1983 pas·

161 2006 203 2046 ue;
662 1997 753 2036 toreset
763 1990 881 2035 doctores:

196 2058 226 2102 17
244 2056 280 2102 Et
291 2053 397 2100 inhabitet
405 2049 509 2100 Christus
517 2068 556 2114 per
564 2051 631 2098 iidem
676 2057 726 2100 ‘la
742 2054 781 2100 Ad
799 2051 1015 2114 coagmentationem
1039 2060 1126 2100 sancto·

161 2117 184 2166 iu
195 2121 299 2167 cordibus
310 2118 407 2174 uestris3
663 2134 719 2173 rum,
731 2119 759 2166 ad
770 2133 825 2180 opus
842 2117 964 2171 ministerii,
982 2117 1010 2164 ad
1025 2116 1127 2166 aedifica·

198 2188 227 2230 18
247 2183 315 2230 Utin
327 2182 433 2229 charitate
444 2180 533 2228 radicati
545 2187 567 2228 et
578 2179 631 2226 inn-
663 2183 747 2229 tionem
758 2183 857 2244 corporis
870 2180 968 2229 Christi:

163 2249 214 2304 dati,
235 2248 327 2296 valeatis
347 2247 435 2308 assequi
456 2261 507 2292 cnm
529 2244 633 2292 omnibus
697 2251 727 2293 13
743 2246 826 2293 Donec
834 2247 954 2292 ei'adamua
962 2244 1069 2292 omnesin
1079 2247 1128 2292 uni·

164 2312 254 2368 sanctia,
265 2328 321 2374 quae
331 2312 362 2360 sit
372 2309 410 2357 illa
420 2309 519 2363 latitudo,
528 2319 551 2356 et
557 2309 633 2370 longi·
663 2317 708 2357 tate
718 2311 776 2365 fidei,
789 2318 813 2356 et
823 2310 944 2370 agnitionis
962 2307 1013 2356 hilii
1032 2308 1086 2362 Dei,
1105 2311 1128 2357 in

164 2378 227 2432 nido,
236 2385 259 2423 et
267 2376 410 2438 profunditas,
422 2374 591 2429 etsublimitas;
664 2376 736 2422 virum
747 2374 1129 2427 adultum,admensurtrnstaturae
1192 2419 1194 2424 ,

199 2445 230 2490 19
247 2441 279 2488 Et
290 2454 428 2502 cognoscere
434 2439 562 2485 charitatem
572 2437 631 2484 iilum
664 2439 722 2502 pieni
736 2437 834 2486 Christis

166 2503 252 2555 Christi
264 2507 328 2552 omni
342 2503 472 2566 cognitione
488 2505 632 2564 superiorem,
699 2507 729 2550 14
747 2501 780 2550 Ut
792 2517 820 2548 ne
831 2501 901 2548 simus
912 2497 1005 2562 amplids
1016 2501 1085 2562 pueri,
1092 2502 1129 2562 qni

167 2578 191 2618 ut
202 2569 336 2632 impleamini
347 2569 376 2616 ad
392 2583 481 2614 ornnem
499 2582 568 2628 usque
584 2567 632 2630 pie-
663 2567 797 2614 fluctuemus
814 2574 838 2614 et
854 2565 1036 2612 circumferamur
1051 2569 1130 2626 quovis

167 2636 288 2682 nitudinem
299 2633 359 2680 illam
372 2631 425 2681 Dei.
660 2639 732 2693 ,vento
743 2632 861 2684 doctrinae,
873 2631 896 2677 iu
907 2630 1021 2678 hominum
1031 2629 1084 2685 alei,
1092 2647 1131 2693 per

201 2705 233 2746 20
249 2691 633 2758 Eiverdquiinhnitieumredun-
664 2697 819 2744 veteratoriam
841 2697 869 2744 ad
887 2691 993 2743 insidiose
1009 2696 1130 2744 saliendum

167 2762 239 2811 dandi
251 2771 325 2825 potest
341 2761 417 2808 omnia
432 2757 505 2806 iacere
523 2775 590 2821 supra
608 2775 635 2806 ea
663 2762 798 2818 versutiam

167 2844 223 2888 quae
234 2828 336 2890 petimus,
348 2833 388 2873 aut
399 2833 474 2872 mente
490 2824 633 2886 concipimus,
699 2830 728 2874 15
746 2827 791 2874 Sed
799 2821 884 2874 sinceri
889 2841 930 2872 nor
937 2834 1041 2887 gerentes
1047 2841 1069 2871 in
1077 2836 1131 2874 cta·

168 2908 208 2955 pro
220 2894 241 2939 vi
253 2890 290 2938 illd
300 2899 382 2953 agente
393 2889 416 2936 in
427 2889 497 2942 nobis,
664 2889 735 2946 ritate,
757 2907 848 2953 prorsus
868 2891 1020 2936 adolescemus
1039 2890 1062 2936 in
1079 2905 1131 2938 suut

201 2961 228 3002 21
239 2957 269 3003 Ei
276 2958 312 3011 sit,
319 2957 423 3016 inquom,
431 2953 504 3014 gloria
511 2952 533 3000 in
542 2949 636 3000 ecclesiia
664 2956 702 3016 qui
713 2962 748 3002 est
758 2963 830 3016 caput,
842 2968 922 3012 nempe
934 2952 1054 3000 Christus:

169 3037 208 3084 per
217 3019 332 3070 Christum
341 3017 427 3071 Jesum,
437 3019 459 3064 in
467 3033 545 3064 omnes
552 3025 635 3064 neuter
700 3023 729 3066 16
746 3019 838 3079 Exquo
850 3025 921 3062 toturn
935 3031 1016 3076 corpus
1031 3031 1130 3076 congru·

168 3083 380 3134 winulorum.
403 3081 485 3130 Amen.
665 3091 730 3130 enter
744 3087 932 3148 coagmentatum,
951 3086 975 3124 et
991 3086 1131 3140 compactum

665 3163 705 3210 per
715 3161 795 3194 omues
805 3143 953 3206 suppeditatas
969 3143 1132 3199 commissuras

334 3209 408 3259 CAP.
432 3209 476 3256 IV.
666 3226 695 3258 ex
706 3211 729 3258 ri
739 3203 1132 3271 intusagentopromensuriiunius-

224 3275 343 3326 RECOR
354 3276 427 3336 itaque
436 3292 476 3324 vos
483 3291 527 3336 ego
535 3273 636 3334 captivus
666 3276 774 3338 cujusque
792 3273 892 3326 membri,
912 3273 1074 3318 incrementum
1094 3287 1131 3319 ca·

240 3343 262 3388 in
281 3339 389 3392 Domino,
402 3340 548 3401 utincedntis
564 3339 596 3384 ita
612 3343 638 3386 ut
666 3341 700 3401 pit
715 3339 802 3401 corpori
819 3336 955 3386 conveniens
971 3335 999 3382 ad
1015 3334 1049 3381 sui
1065 3335 1133 3398 ipsius

170 3406 263 3470 dignum
273 3413 308 3452 est
320 3405 435 3450 vocatione
450 3401 494 3464 qut
510 3401 582 3450 uocati
599 3417 636 3450 es·
666 3404 841 3452 exstructionem
851 3417 891 3463 per
898 3399 1037 3453 charitatem.

170 3470 204 3526 tir,
702 3472 731 3517 17
750 3467 804 3515 Hoc
811 3468 884 3526 itaque
893 3465 949 3514 dico.
958 3471 981 3510 et
988 3465 1087 3512 obtestor
1094 3479 1131 3526 per

203 3537 218 3581 2
237 3531 296 3582 Cum
307 3531 368 3579 omni
380 3527 487 3578 modestiii
498 3547 523 3578 ac
532 3545 638 3578 mansue·
668 3531 801 3586 Dominum,
813 3545 842 3576 ne
852 3525 946 3590 ampiids
957 3527 1068 3583 incedatis,
1078 3529 1134 3577 sicut

171 3599 315 3653 muiracum
325 3597 392 3643 animi
403 3596 500 3650 lenitate,
517 3595 637 3642 tolerantes
668 3597 764 3657 reliquae
774 3602 854 3657 gentes
865 3592 976 3648 incedunt,
994 3592 1017 3638 iu
1035 3593 1134 3641 uanitate

172 3664 207 3714 dii
218 3663 273 3710 aiios
283 3676 323 3722 per
333 3661 462 3708 chanutenr
471 3677 479 3717 3
667 3661 749 3708 mentis
760 3673 829 3714 suae3

203 3731 219 3773 ὅ
236 3725 357 3772 studentes
367 3739 455 3772 nervam
465 3724 570 3772 unitatem
583 3722 635 3786 spi·
702 3728 730 3770 18
748 3722 920 3770 obtenebratam
928 3720 1085 3782 cogitationem
1096 3721 1135 3769 ha·

170 3790 227 3838 rhus
237 3804 278 3851 per
287 3787 399 3835 vinculum
412 3788 479 3851 pacis.
665 3788 749 3844 tentes,
766 3795 789 3833 et
799 3785 886 3834 alienati
903 3783 975 3834 suit
986 3784 1032 3834 Da
1047 3792 1135 3849 propter
