2734 4314
116 1403 123 1417 '
203 1404 304 1450 exierunt
314 1405 336 1448 in
348 1411 447 1447 montem
457 1402 570 1448 Olearum.
698 1409 778 1447 torum.

561 399 710 454 ataricus
736 399 805 448 xlv,

202 514 295 574 cepisset
315 509 380 562 Jesus
397 525 482 572 panem,
498 519 521 556 et
538 508 662 555 benedixis-
727 511 758 554 ³8
775 508 874 570 Vigilate
885 518 908 556 et
918 513 1043 572 precamini,
1052 529 1081 558 ne
1088 513 1151 559 intro

202 583 242 630 tet,
252 575 326 637 fregit,
343 575 445 634 deditque
459 573 505 630 eis3
522 580 547 620 et
560 574 597 628 aii,
615 573 662 620 Ac-
690 572 750 618 batis
761 573 783 618 in
795 575 951 621 tentationem:
971 576 1060 636 spiritus
1071 574 1158 638 quidem

203 640 273 701 cipite,
285 639 356 685 edite:
376 639 419 684 hoe
430 644 464 683 est
474 653 554 698 corpus
565 651 646 683 meum.
695 644 810 698 promptus
822 645 861 692 est,
873 639 912 684 sed
923 654 974 684 caro
985 640 1080 688 infirma.

234 707 266 748 23
283 701 315 748 Et
325 709 415 764 accepto
426 701 512 762 poculo,
529 717 598 760 quum
611 716 663 761 gra·
727 703 760 747 ³9
777 699 809 745 Et
820 716 888 760 quum
901 717 987 748 rursum
998 704 1092 757 abiisset,
1110 716 1158 767 pre·

203 767 243 812 tias
254 767 342 827 egisset,
354 767 414 812 dedit
424 766 472 820 cis}
491 772 513 811 et
524 765 624 810 biberunt
635 779 665 810 ex
695 771 758 809 catus
771 771 811 819 est,
828 766 923 811 eundem
940 781 1064 813 sermonem
1080 769 1148 829 loquu

175 859 182 869 ι
202 845 324 876 eoonrnes.
585 864 588 872 ,
696 839 739 874 tus.

235 898 265 938 24
283 893 315 940 Et
326 893 381 938 dixit
397 893 435 946 eis,
454 891 507 937 Hoc
524 899 558 938 est
574 891 664 952 sanguis
727 894 760 936 40
775 889 889 937 Reversus
896 893 1104 940 auteminveniteos
1112 911 1160 940 rur·

203 973 265 1003 meus
274 958 325 1003 novi
334 957 391 1002 illius
401 957 502 1008 foederis,
514 956 550 1016 qui
558 972 597 1018 pro
607 956 663 1000 mul-
697 969 746 1000 sum
768 954 919 1013 dormientes;
941 965 1004 1003 erant
1026 959 1084 1003 enirn
1102 959 1160 1004 oculi

203 1022 231 1066 tis
242 1021 367 1067 effunditur.
698 1034 774 1063 eorum
786 1019 887 1080 gravati3
910 1035 982 1082 neque
997 1021 1094 1068 sciebant
1110 1022 1162 1083 quid

236 1087 266 1132 25
284 1085 358 1132 Amen
376 1085 425 1130 dico
443 1083 511 1138 robis,
532 1099 577 1129 non
595 1083 666 1128 bibam
699 1083 719 1128 ei
738 1083 903 1143 responderent.

203 1147 419 1210 aruplirlsexfructu
430 1149 488 1202 vitis,
506 1147 617 1206 usquead
633 1147 665 1191 di·
731 1149 758 1190 4l
779 1145 812 1192 Et
833 1153 895 1192 vemt
915 1145 987 1201 tertid,
1010 1149 1105 1208 dicitque
1123 1150 1161 1196 eis

170 1205 173 1216 ’
203 1213 310 1258 emillum
323 1228 390 1272 quum
407 1213 479 1272 ipsum
495 1212 566 1257 bibam
583 1225 667 1256 novum
699 1209 805 1255 Dormite
822 1211 882 1270 quod
899 1218 1004 1272 superest,
1024 1219 1047 1258 et
1065 1214 1162 1272 requies·

204 1277 226 1321 in
238 1292 308 1338 regno
321 1277 373 1322 Dei.
698 1274 756 1318 cite:
776 1269 862 1328 sufficit,
875 1275 935 1319 venit
947 1277 1015 1320 hora:
1037 1276 1098 1330 ecce,
1117 1285 1161 1323 tra·

236 1345 266 1386 26
284 1341 315 1386 Et
326 1355 394 1399 quum
406 1340 513 1398 hymnum
529 1337 666 1392 cecinissent,
698 1337 757 1383 ditur
770 1337 839 1422 Filips
850 1339 944 1384 hominis
955 1339 978 1384 in
990 1353 1068 1385 manus
1084 1354 1161 1402 pecca·

236 1471 265 1514 27
283 1467 349 1512 Tunc
366 1467 419 1512 dicit
436 1466 467 1511 eis
489 1465 563 1518 Jesus,
581 1464 666 1510 Omnes
730 1468 762 1509 42
779 1465 975 1526 Surgite,eamus:
994 1481 1052 1520 ecce,
1062 1467 1099 1527 qui
1107 1483 1161 1528 pro·

203 1531 343 1577 ostendemini
359 1531 381 1574 in
398 1545 433 1575 me
451 1536 516 1576 nocte
532 1526 588 1574 istd:
614 1544 664 1574 narn
697 1529 974 1590 ditmeappropinquatit.

203 1595 307 1655 scriptum
319 1593 499 1646 est·Percutian1
510 1585 627 1654 pastorem,
643 1601 666 1638 ct
729 1596 762 1638 45
779 1592 811 1638 Et
822 1595 902 1646 statim,
920 1594 991 1640 adhuc
1008 1609 1034 1640 co
1051 1594 1162 1654 loquente,

203 1659 356 1719 dispergentur
370 1673 439 1702 oves:
697 1657 758 1702 adest
769 1655 846 1711 Judas,
863 1657 900 1716 qui
911 1666 959 1703 erat
970 1673 1027 1704 unus
1038 1659 1161 1713 duodceim,

236 1727 266 1767 28
284 1723 327 1768 Sed
339 1728 454 1782 postquam
467 1721 582 1766 suscitatus
596 1721 665 1772 fuero,
697 1728 781 1765 etcum
793 1735 820 1766 eo
832 1722 895 1766 turba
905 1721 974 1766 multa
985 1738 1035 1767 cum
1050 1722 1129 1782 gladiis
1140 1733 1161 1769 et

204 1788 289 1840 praeibo
302 1787 362 1832 vobis
373 1786 395 1830 in
409 1785 537 1830 Galilaeam.
696 1783 795 1838 fustibus,
813 1799 827 1830 a
842 1785 950 1845 primariis
966 1786 1123 1840 sacerdotibus,
1140 1797 1161 1832 et

236 1855 266 1898 29
285 1850 365 1896 Petrus
376 1857 449 1894 autem
461 1849 516 1895 dixit
526 1850 553 1900 ei,
571 1848 663 1894 Etiamsi
696 1849 778 1901 scribis,
790 1854 813 1893 et
824 1849 952 1894 senioribus.

204 1931 280 1962 omnes
292 1915 435 1966 oiiendantur,
448 1922 470 1958 at
482 1929 526 1958 non
538 1929 588 1972 ego.
729 1915 761 1956 44
779 1911 879 1958 Dederat
887 1920 961 1958 autern
969 1913 1055 1962 eisiste.
1063 1913 1100 1974 qui
1109 1929 1160 1958 eum

235 1983 267 2023 50
283 1979 350 2023 Tunc
359 1978 413 2022 dixit
421 1978 440 2022 ei
450 1976 523 2030 Jesus,
534 1976 607 2020 Arnen
617 1975 665 2020 dico
697 1976 801 2029 tradebat
821 1991 940 2022 commune
959 1977 1016 2022 inter
1035 1979 1094 2037 ipsos
1113 1978 1159 2038 sig·

204 2041 330 2093 riuthodie
341 2049 406 2086 nocte
423 2038 471 2092 istri,
489 2040 615 2100 priusquam
633 2039 666 2084 bis
698 2054 757 2091 num,
776 2039 857 2093 dicens,
876 2039 1039 2100 Quemcunque
1050 2041 1161 2086 osculatus

204 2106 274 2166 gallus
297 2119 374 2149 rotem
394 2103 482 2156 miserit,
500 2111 534 2148 ter
550 2103 667 2164 abnegabis
697 2101 767 2155 fuero,
778 2103 798 2147 is
809 2109 859 2160 est;
875 2104 1005 2164 prehendite
1015 2119 1072 2159 eum,
1089 2106 1160 2150 eteb-

204 2185 245 2214 me.
698 2167 771 2211 ducite
786 2163 841 2212 turb.

235 2236 262 2277 51
285 2231 317 2278 At
328 2231 364 2278 ille
375 2227 444 2277 multd
455 2230 527 2291 magis
538 2231 628 2284 dicebat,
643 2231 665 2276 si
730 2231 761 2276 45
779 2231 856 2284 Quum
875 2230 943 2292 igitur
962 2231 1064 2283 venisset,
1088 2229 1161 2278 statim

204 2312 239 2342 rna
250 2297 370 2356 oportuerit
381 2296 487 2341 commori
498 2296 541 2348 tibi,
553 2295 665 2354 haudqua-
698 2295 804 2340 accedens
811 2295 839 2340 ad
847 2311 904 2347 eum,
913 2295 967 2341 dixit
978 2296 1004 2349 ei,
1013 2295 1090 2349 Rabbi,
1099 2295 1161 2342 Rab-

203 2376 269 2420 quam
291 2369 313 2406 te
335 2361 454 2421 abnegabo.
489 2357 570 2405 Itidem
592 2367 665 2405 autern
698 2359 735 2414 bi;
752 2358 1040 2404 acdeosculatusesteum.

203 2425 269 2470 etiarn
279 2441 356 2470 omnes
367 2425 473 2470 dicebant.
730 2425 763 2480 4⁶2
779 2421 814 2468 llli
826 2439 879 2470 vero
891 2423 976 2484 injectis
987 2423 1010 2468 in
1022 2439 1072 2468 eum
1090 2438 1160 2469 manr-

234 2493 267 2534 52
283 2491 298 2550 q
314 2488 414 2534 Veniunt
425 2489 492 2548 igitur
503 2487 525 2532 in
536 2487 610 2532 locum
625 2501 664 2532 eu·
696 2486 736 2532 bus
748 2487 911 2546 prehenderunt
921 2502 979 2532 eum.
1117 2491 1120 2494 '

203 2555 237 2597 ius
244 2567 325 2597 nomen
334 2560 365 2598 est
377 2551 533 2596 Gethsemane.
556 2549 664 2595 Tuncdi·
728 2553 759 2596 47
778 2550 875 2604 Quidam
889 2558 963 2596 autem
980 2565 1009 2596 ex
1025 2551 1051 2596 iis
1067 2550 1104 2610 qui
1121 2551 1160 2596 ad-

204 2616 233 2660 cit
244 2615 354 2674 discipulis
366 2615 417 2666 suis,
434 2615 513 2659 Sedete
525 2614 566 2667 hic,
584 2628 664 2673 usque·
696 2614 788 2668 stabant,
807 2615 883 2660 stricto
901 2614 974 2676 gladio
990 2615 1098 2676 percussit
1114 2629 1170 2660 sen.

204 2680 255 2724 dum
267 2687 368 2738 precatus
379 2677 448 2722 fuero.
697 2693 750 2723 vum
761 2678 871 2738 pontilicis
879 2679 976 2732 maximi,
985 2688 1007 2724 et
1017 2679 1105 2724 abstulit
1113 2680 1161 2740 ejus

235 2746 266 2786 33
284 2741 316 2786 Et
327 2741 417 2786 assumit
426 2740 517 2785 Petrum
526 2747 548 2785 et
557 2739 664 2786 Jacobum
697 2741 824 2788 auriculam.

204 2814 225 2852 et
236 2805 346 2852 Joannern
357 2807 445 2859 secum3
465 2804 580 2864 coepitque
596 2819 663 2866 expa·
728 2809 760 2849 48
777 2805 924 2867 Respondeas
935 2813 1008 2852 autem
1024 2805 1090 2853 Jesus
1107 2806 1160 2853 dixit

204 2885 297 2921 vescere
310 2877 333 2914 et
343 2863 474 2929 gravissime
485 2868 544 2928 angi.
697 2869 735 2921 eis,
750 2868 783 2914 Ut
793 2868 899 2916 adversds
907 2871 1014 2916 latronem
1024 2871 1100 2916 existis
1108 2885 1160 2916 cuur

234 2937 267 2978 34
284 2932 316 2978 Et
324 2933 379 2978 dixit
387 2933 425 2986 eis,
437 2931 589 2992 Undequaque
598 2933 665 2978 tristis
697 2933 776 2993 gladiis
787 2941 809 2979 et
819 2934 913 2980 fustibus
928 2935 955 2979 ad
972 2935 1161 2994 comprehendes&

203 3004 236 3043 est
255 2998 328 3051 anima
346 3011 395 3043 rnea
415 3011 483 3056 usque
504 2997 532 3042 ad
552 3003 663 3043 mortem:
698 2996 750 3042 dum
761 2998 817 3043 me?

203 3070 289 3108 manete
300 3063 341 3115 hic,
353 3069 376 3107 et
386 3061 482 3122 vigilate.
675 3068 679 3075 '
729 3063 760 3108 49
778 3061 1158 3122 Quotidieeramnpudvosinteme

234 3129 266 3172 55
284 3125 462 3187 Progressusque
474 3123 599 3186 paullulum,
611 3141 664 3186 pro·
696 3124 733 3186 plo
745 3125 832 3180 docens,
844 3141 885 3172 nec
896 3126 1041 3186 prehendistis
1052 3141 1099 3170 me:
1122 3126 1160 3171 sed

204 3189 255 3234 cidit
266 3190 287 3234 in
299 3197 379 3236 terram
390 3207 397 3246 ;
414 3201 437 3234 ct
448 3189 518 3234 oravit
535 3196 565 3242 ut,
583 3189 601 3234 si
618 3189 664 3235 lieri
696 3197 782 3248 oportet
792 3196 817 3235 ut
827 3189 959 3251 impleantur
970 3190 1096 3249 scripturae.

204 3254 278 3314 possit,
290 3255 358 3300 abiret
369 3255 395 3298 ab
406 3254 453 3313 ipso
465 3254 519 3298 hora
529 3252 572 3298 illa.
728 3255 760 3299 50
776 3253 842 3300 Tunc
860 3254 936 3299 relicto
954 3269 981 3308 eo
1001 3269 1078 3299 omnes
1094 3251 1157 3316 iuge

234 3321 266 3362 36
284 3317 398 3377 Dixitque,
412 3317 481 3369 Abba,
500 3315 573 3368 Pater,
590 3317 664 3363 omnia
696 3326 754 3362 runt

204 3379 249 3426 lieri
265 3382 302 3426 abs
319 3389 341 3426 te
358 3388 465 3440 possunt3
488 3379 583 3425 transfer
599 3395 613 3424 a
629 3396 664 3426 me
728 3385 756 3426 51
777 3380 874 3434 Quidam
890 3380 1065 3442 antemjuvenis
1082 3396 1160 3440 seque·

204 3444 260 3489 istud
270 3445 385 3505 poculum:
405 3441 481 3489 verbm
500 3459 544 3488 uon
558 3443 610 3502 quid
620 3459 664 3506 ego
695 3445 758 3490 batur
769 3460 827 3497 eum,
839 3445 931 3490 amictus
943 3445 1035 3490 sindone
1043 3459 1130 3505 supere
1140 3459 1160 3490 s*

204 3508 431 3568 relirn.selquidtu.
696 3509 748 3553 dum
771 3524 858 3567 corpus,
880 3517 903 3554 et
924 3509 1087 3570 prehenderunt
1109 3523 1159 3554 cnm

234 3573 265 3616 37
282 3570 348 3616 Tunc
360 3572 425 3624 uerit,
437 3580 460 3616 et
471 3571 555 3617 invenit
565 3586 604 3616 eos
613 3572 663 3616 dor·
697 3573 807 3636 juvenes:

204 3634 311 3688 micotes;
327 3635 425 3694 dimtque
436 3634 510 3686 Petro.
521 3635 604 3686 Simon,
612 3636 664 3680 dor·
729 3641 760 3683 52
778 3634 829 3696 lpse
835 3634 893 3688 vend,
901 3633 1004 3682 derelicti
1011 3635 1109 3686 sindone,
1118 3649 1157 3681 nu·

205 3696 263 3742 uris?
279 3712 322 3742 ncn
335 3698 423 3756 potuisti
436 3713 501 3743 uuam
513 3699 588 3743 horam
606 3700 663 3760 vigi·
697 3699 738 3746 dus
748 3699 825 3759 effiagit
836 3702 862 3744 ab
874 3701 921 3746 illis.

208 3759 267 3808 are?
426 3822 457 3866 58
569 3779 576 3785 ·
729 3767 759 3808 53
777 3767 792 3818 ‘J
807 3762 871 3807 Tunc
887 3765 1024 3808 abduxerunt
1039 3761 1118 3810 Jesurn
1135 3764 1158 3807 at
