2734 4314
508 450 732 504 stnTrHAEUS.
755 451 801 500 lli.

183 558 268 636 tlgltun.
291 559 382 620 sequuti
405 563 461 604 sunt
482 570 533 602 eum
549 555 649 617 discipuli
681 554 780 632 rslptlco,
803 553 905 610 Confide.
925 557 962 613 dil,
980 560 1072 607 remisso
1092 569 1141 614 nt

184 636 244 733 Ἃ
255 683 294 738 Et,
303 699 365 737 ecce,
374 682 496 730 concussio
502 697 584 744 magns
590 681 649 729 luctu
681 621 954 745 nhdpllffictgnquidrm
965 701 979 732 e
991 685 1072 734 stubi,
1084 687 1141 735 Μ

24 751 31 766 “
98 779 101 784 ·
185 746 390 801 sstrnmnrinded
404 753 431 792 ut
447 748 511 792 nevis
526 747 647 807 operiretur
680 747 732 794 bont
743 748 842 808 spudse,
856 747 903 794 lste
913 750 1055 810 blasphemat.

185 811 296 867 lluctibus3
314 813 362 872 ipse
373 808 429 857 veni
440 810 569 856 donniebst.
713 815 729 855 4
747 811 779 857 Et
796 827 864 872 quum
876 813 967 860 vidisset
977 813 1045 860 Jesus
1057 816 1139 876 mgltv

215 879 246 923 25
262 875 295 921 Et
306 876 439 922 accedentes
450 874 549 935 discipuli
564 874 649 920 excitu·
681 874 754 921 tiones
771 891 856 928 eorum,
878 876 940 930 dixit,
961 876 1024 930 Quid
1041 879 1143 940 cogitatis

186 946 262 988 serum
272 955 331 993 curu,
343 939 451 992 diceutes,
464 937 570 993 Domine,
585 951 650 985 servs
680 939 739 986 melu
749 939 772 985 iu
783 939 885 985 cordibus
896 941 992 986 ventris?

116 1021 120 1034 .
186 1015 231 1056 m,
242 1001 353 1066 perimus!
713 1005 729 1050 5
747 1002 830 1050 Utrum
849 1005 908 1049 enim
919 1011 954 1050 cst
969 1004 1054 1051 facilius
1064 1006 1142 1062 diuers

216 1072 247 1115 26
263 1069 318 1128 Ipse
327 1063 382 1113 verd
393 1065 450 1112 dixit
460 1065 499 1119 eis,
508 1064 570 1118 Quid
578 1065 648 1112 timidi
682 1066 786 1114 Remissa
796 1074 849 1113 sunt
859 1068 897 1112 tibi
908 1077 1012 1128 peccem
1028 1084 1057 1116 su
1067 1071 1143 1122 dicere.

186 1132 244 1186 sctis,
257 1129 272 1178 ὂ
287 1128 369 1192 erdgud
383 1129 428 1176 lide
449 1128 562 1191 praediti?
584 1129 651 1177 Tunc
684 1131 758 1191 Surge
768 1137 791 1176 et
801 1129 906 1176 unrbuln?

186 1202 326 1257 experrectus
337 1195 463 1256 objurgavit
474 1200 553 1240 ventos
566 1201 589 1240 et
602 1209 649 1241 mn·
715 1199 731 1241 6
749 1193 783 1240 Ut
793 1200 867 1240 sutem
879 1194 952 1241 scistis
963 1201 1094 1256 potcststm
1104 1197 1143 1247 irs·

187 1272 224 1316 ως
240 1266 263 1306 et
273 1260 333 1306 facto
342 1265 376 1304 est
387 1257 534 1319 tranquillitas
545 1273 633 1320 magns.
681 1258 734 1304 bere
746 1256 827 1304 Filium
844 1258 941 1305 hominis
955 1257 978 1304 iu
995 1257 1053 1306 terri
1069 1261 1144 1308 remit·

218 1325 248 1370 27
266 1323 379 1369 Homines
387 1329 462 1369 sutem
471 1322 502 1368 illi
510 1322 581 1368 mirati
591 1329 650 1375 suut,
682 1323 742 1368 tendi
753 1324 925 1384 pecmtss(tuuc
941 1323 997 1368 dixit
1012 1323 1144 1386 pnrslytleo)

187 1387 290 1442 deenen
302 1387 381 1441 Qualis
397 1393 433 1433 est
448 1386 498 1439 iste,
514 1383 573 1446 qudd
589 1386 649 1432 renti
683 1386 763 1448 Surge,
774 1387 850 1434 sttollc
861 1394 923 1433 tuum
935 1386 1023 1444 lectum
1032 1395 1055 1435 et
1063 1389 1144 1437 ubido·

187 1467 273 1514 quoque
283 1458 306 1498 ct
316 1466 377 1497 mare
388 1450 515 1497 auscultant
525 1449 562 1496 ei?
682 1465 743 1496 mum
757 1457 825 1496 tunm.

189 1533 204 1545 f
219 1520 249 1560 28
260 1519 276 1576 1
286 1515 318 1561 Et
326 1530 395 1576 quum
402 1513 501 1560 venisset
507 1513 649 1574 lpsesdulte-
715 1517 729 1562 7
746 1513 812 1562 Tunc
823 1516 861 1561 ills
877 1514 979 1569 surrexit,
996 1516 1091 1578 obiitque
1104 1517 1143 1564 do-

188 1580 265 1625 riorem
278 1580 352 1640 ripam,
364 1580 388 1624 in
404 1578 519 1640 regionem
537 1577 650 1639 Gergese-
683 1592 744 1624 mum
755 1593 825 1626 suurn.

188 1658 272 1696 norum,
284 1649 429 1688 occurrerunt
439 1642 459 1688 ei
471 1641 515 1688 duo
523 1642 648 1687 daemonia·
714 1646 729 1688 8
745 1641 822 1689 Turbs
838 1639 892 1689 rerd
907 1658 976 1703 quum
992 1645 1034 1690 doc
1047 1645 1144 1699 vidisset,

188 1708 213 1760 ci,
232 1723 245 1753 e
266 1707 417 1752 monumentis
433 1705 572 1766 prodeuntes,
590 1706 649 1751 suevi
681 1705 811 1758 miretsest,
826 1714 849 1753 et
864 1706 997 1769 glorificavit
1013 1707 1096 1762 Deum,
1108 1710 1144 1768 qui

188 1771 255 1824 valde,
266 1766 321 1816 oded
332 1777 357 1816 ut
373 1785 419 1818 non
436 1769 519 1816 valeret
535 1770 649 1830 quisquam
682 1769 777 1816 dedisset
788 1771 854 1816 telem
865 1778 999 1832 potestatem·
1008 1773 1139 1819 hominibus.

189 1835 303 1896 praeterire
313 1850 353 1896 per
364 1835 423 1880 viam
438 1833 506 1879 illum.
715 1838 730 1881 9
746 1836 763 1893 1
772 1834 804 1879 Et
811 1849 878 1894 quum
886 1835 1037 1896 digrederetur
1043 1835 1110 1883 Jesus
1118 1836 1143 1883 il-

219 1903 250 1946 29
267 1898 305 1951 Er,
322 1914 381 1950 ecce,
398 1894 527 1950 clsmirnrnt,
544 1897 649 1950 dicentes,
681 1897 733 1948 linc,
745 1898 800 1944 vidit
816 1899 925 1958 quendam
943 1899 1055 1944 sedentem
1072 1899 1100 1945 sd
1111 1907 1144 1946 te·

189 1961 250 2016 Quid
265 1963 328 2020 uobis
345 1971 426 2015 tecum,
443 1961 505 2016 Jesu,
524 1959 566 2006 Fili
585 1960 650 2007 Dei?
682 1961 774 2014 lonium,
785 1961 823 2020 qui
836 1961 965 2008 Matthaeus
976 1963 1087 2009 dicebatur
1093 1980 1101 2020 ς
1123 1975 1144 2010 et

188 2027 265 2072 venisti
275 2027 319 2072 huc
330 2033 436 2072 vexatum
447 2040 490 2071 uos
500 2032 551 2072 ante
565 2027 650 2071 consti·
682 2025 738 2072 dixit
749 2026 775 2078 ci,
789 2026 886 2086 Sequere
897 2041 939 2072 me.
973 2026 1049 2088 Atque
1064 2027 1084 2074 r's
1095 2043 1133 2074 sur

189 2097 259 2136 tutum
270 2090 377 2151 tempus?
561 2102 565 2112 ·
681 2104 745 2152 gens,
757 2098 862 2151 sequutus
873 2097 907 2137 est
918 2105 977 2137 eum.

218 2159 250 2200 50
266 2153 323 2200 Erat
333 2161 409 2200 sutem
419 2149 488 2214 longui
503 2153 530 2200 ub
545 2153 577 2200 eis
593 2168 650 2216 grex
716 2158 747 2200 10
763 2154 801 2208 Er,
813 2171 871 2208 ecce,
883 2154 966 2204 sactum
977 2163 1017 2209 cst,
1027 2171 1094 2216 quum
1103 2153 1133 2204 Je

189 2231 302 2278 porcorum
314 2218 436 2264 multorum
447 2231 546 2278 pascens.
682 2233 720 2264 sus
732 2220 870 2264 accumberet
884 2218 944 2265 dorni
961 2221 1030 2272 allius,
1045 2235 1104 2274 ecce,
1120 2227 1144 2266 ul

218 2285 247 2327 51
277 2281 408 2328 Daemones
431 2278 486 2327 verd
507 2282 652 2342 precabantur
682 2282 746 2328 multi
757 2283 865 2343 publicani
876 2290 900 2329 ct
912 2291 1044 2343 peccatores.
1056 2284 1093 2343 qui
1105 2299 1144 2330 ve·

189 2359 244 2398 eum,
256 2345 359 2399 diceutes,
373 2346 397 2392 Si
412 2345 473 2406 ejicis
489 2359 536 2397 nos,
547 2347 650 2407 permitte
682 2354 767 2399 nerant,
779 2346 844 2391 simul
859 2347 1007 2392 accubuerunt
1021 2362 1072 2393 cum
1089 2345 1144 2396 Jesu

189 2410 250 2454 uobis
260 2409 318 2456 ubire
329 2410 352 2455 in
363 2424 457 2472 gregem
469 2424 587 2470 porcorum
599 2409 649 2455 illo·
681 2417 705 2456 et
715 2409 827 2470 discipulis
837 2410 892 2469 ejus.

190 2488 244 2518 rum.
716 2477 743 2519 ll
764 2473 840 2527 Quum
851 2480 925 2518 aurem
934 2473 959 2518 iu
968 2472 1074 2527 vidissent
1084 2471 1141 2519 Pha-

219 2541 251 2582 52
266 2536 298 2584 Et
316 2537 347 2583 eit
365 2536 404 2590 eis,
423 2535 498 2582 Abite.
540 2535 576 2583 Illi
596 2535 649 2583 vcrd
682 2537 752 2592 risaei,
764 2539 868 2584 dixerunt
879 2536 991 2598 discipulis
1002 2537 1055 2598 ejus.
1069 2536 1144 2591 Quare

189 2601 277 2661 egressi,
285 2598 386 2647 obierunt
393 2601 416 2646 in
425 2599 487 2646 illum
496 2617 589 2662 gregem
596 2617 648 2662 pcr-
681 2617 733 2648 cum
751 2603 873 2663 pullicenis
891 2609 914 2648 et
932 2601 1083 2666 peccatoribus
1100 2603 1144 2648 odit

189 2679 276 2712 corum:
295 2673 324 2719 et,
336 2681 394 2718 ecce,
412 2665 457 2710 ruit
473 2672 533 2711 totus
546 2665 582 2712 ille
592 2680 649 2726 grex
680 2666 806 2713 doctorille
818 2664 907 2712 vester?

190 2743 304 2788 porcorum
323 2744 336 2775 e
354 2728 482 2790 praecipitio
500 2729 523 2774 in
543 2744 610 2782 mure,
627 2737 650 2775 et
716 2733 745 2774 12
761 2729 828 2778 Jesus
839 2737 913 2776 sutem
928 2745 996 2792 quum
1012 2731 1054 2777 doc
1070 2730 1142 2776 sudis-

189 2794 268 2838 mortui
279 2793 365 2839 suntin
376 2794 445 2852 equis.
681 2801 721 2847 set,
733 2794 788 2840 dixit
802 2795 841 2848 eis,
858 2792 890 2840 lis
905 2795 941 2854 qui
958 2795 1032 2841 velent
1048 2809 1094 2841 nou
1110 2803 1144 2840 est

219 2861 251 2902 33
268 2856 465 2910 Pastoresnutem
483 2855 603 2918 sugerunt3
627 2865 649 2902 et
680 2873 736 2918 opus
747 2859 839 2913 medico,
852 2858 890 2904 scd
904 2859 930 2906 iis
944 2859 981 2920 qui
998 2854 1056 2906 meld
1070 2858 1144 2905 sehs-

189 2935 255 2981 quum
273 2921 378 2968 abiissent
393 2921 417 2966 iu
434 2921 516 2975 urbem,
531 2917 648 2966 renunciis·
680 2922 740 2968 bent.

190 2991 240 3032 runt
250 2986 329 3039 omnia,
339 2993 362 3030 et
370 3000 426 3045 quse
435 2983 650 3032 daemoniacarum
716 2988 746 3032 13
762 2983 798 3032 Ite
810 2983 862 3032 uerd
873 2993 896 3032 et
904 2983 981 3032 discite
986 2985 1038 3046 quid
1047 2985 1082 3038 sit,
1095 2984 1143 3032 list·

189 3047 282 3094 lueruut
682 3049 815 3096 serationem
826 3049 885 3102 volo,
896 3056 920 3095 et
935 3063 981 3094 non
998 3047 1141 3094 sacrificiume

219 3116 252 3157 34
267 3111 307 3166 Et,
318 3127 377 3166 ecce,
389 3119 436 3159 tots
447 3113 498 3159 urbs
505 3113 543 3159 ills
550 3111 620 3160 exirit
627 3112 650 3157 in
682 3128 728 3160 uon
749 3113 809 3159 enim
825 3113 876 3158 veni
892 3118 997 3157 vocatum
1009 3113 1089 3172 justos,
1107 3111 1144 3158 sed

189 3189 304 3222 occursum
323 3174 393 3232 Jesu;
418 3183 442 3222 et
458 3191 527 3237 quum
545 3176 652 3222 vidissent
682 3174 1038 3238 peecatooendresipiscentiam

188 3253 246 3294 urm,
257 3237 364 3301 rugirent
376 3247 401 3286 ut
415 3240 566 3302 digrederetur
576 3255 590 3286 u
600 3239 650 3286 lini-
717 3241 748 3284 14
763 3236 855 3298 {Tunc
875 3237 958 3284 adeunt
973 3251 1025 3282 eum
1046 3236 1144 3299 disepufi

190 3299 229 3349 ius
240 3304 291 3356 suis.
683 3301 784 3356 loannis,
796 3301 900 3357 dicentes,
913 3300 990 3355 Quare
1000 3316 1042 3347 nos
1051 3307 1075 3348 et
1085 3301 1144 3350 Piu-

684 3367 748 3414 risaei
772 3363 866 3412 multllm
887 3367 1020 3430 jeJ'uuamus,
1045 3365 1143 3428 discipuli

346 3429 420 3479 CAP.
443 3430 490 3479 IX.
522 3471 526 3476 .
682 3429 736 3479 verri
747 3432 778 3478 tui
791 3429 961 3494 nonjejununt?

227 3493 250 3540 N
260 3494 443 3543 GRESSUS
454 3498 522 3557 igitur
529 3494 649 3556 navigium,
717 3498 747 3544 15
763 3495 796 3542 Et
803 3495 857 3540 dixit
865 3493 1144 3555 eisJesusNumpoesmr

258 3560 350 3621 trajecit,
369 3566 392 3605 et
410 3563 471 3606 venit
490 3560 513 3608 ir.
531 3575 593 3606 suam
613 3575 650 3604 ur·
683 3558 721 3608 filil
732 3559 821 3607 thalarni
832 3558 915 3621 lugere,
927 3559 1030 3619 quamdiu
1046 3573 1097 3604 cum
1114 3559 1145 3606 sir

192 3635 245 3670 sem.
683 3630 717 3670 est
740 3621 853 3684 sponsus?
878 3623 971 3669 ederunt
994 3629 1067 3667 cutem
1092 3622 1144 3675 dies

222 3689 238 3730 2
254 3685 293 3738 Et,
304 3701 364 3740 ecce,
375 3685 501 3734 obtulerunt
512 3687 532 3732 ei
545 3685 650 3746 parrini-
683 3702 750 3748 quum
759 3685 849 3731 tolletur
856 3687 883 3733 ab
891 3688 924 3734 eis
934 3700 1046 3748 sponsusr
1062 3692 1085 3732 et
1093 3693 1143 3732 tuus

191 3755 240 3795 cum
262 3749 285 3795 in
303 3749 363 3796 lecto
381 3751 519 3810 projectum:
540 3765 652 3810 quumque
677 3750 817 3814 jejunabunt.

194 3813 280 3865 uidisset
288 3812 360 3862 derue
369 3811 435 3860 fidem
450 3829 534 3867 eorum,
546 3813 601 3858 dixit
611 3827 651 3876 pe·
718 3818 748 3861 16
765 3810 848 3860 Nullus
858 3820 932 3862 sutem
942 3811 998 3862 indit
1004 3811 1141 3874 pmiculuu
