2720 4312
470 380 519 428 nn
536 363 728 438 nunninus,
752 380 810 430 vn.

189 493 221 535 zo
238 484 292 542 Qud
302 502 436 548 praecursor
451 503 492 549 pro
509 487 573 533 nobis
589 486 625 532 in·
688 490 718 532 12
738 487 829 534 Mutato
847 489 906 535 enirn
925 489 968 536 boe
987 489 1109 540 sacerdotio

163 567 246 614 {rasus
263 559 299 598 est
318 551 394 605 Jesus,
412 551 484 597 iaetus
503 548 624 597 aeoundrlm
654 549 777 598 necessarid
788 568 875 613 quoque
885 552 941 615 legis
953 555 1045 600 mutatio
1056 553 1089 602 dt.

162 617 257 662 aribnem
268 615 428 663 Melchisedeoi
439 615 540 676 pontifex
551 615 574 660 in
585 629 624 660 ae·
688 619 718 660 13
736 614 796 661 Nam
807 618 827 663 is
838 618 865 662 de
881 634 925 679 quo
942 619 995 664 baec
1008 619 1112 668 dicuutur

162 687 253 727 semum,
654 678 682 724 ad
692 679 757 725 aliam
768 681 848 730 tribum
859 682 960 742 pertinet,
972 683 999 728 de
1009 683 1053 744 qui
1067 683 1112 730 nul·

654 742 689 788 lus
699 744 793 789 attendit
804 744 873 790 altari.

313 803 389 854 CAP.
412 803 471 852 Vll.
689 810 718 852 14
735 806 813 853 Palam
829 815 864 854 est
879 808 938 854 enim
949 824 962 854 e
974 805 1034 860 Judii
1049 825 1114 856 uor-

223 870 276 918 AM
284 871 321 916 bie
333 869 512 916 Melchisedeeus
523 885 563 916 rex
573 877 624 917 erut
653 875 701 916 tum
712 885 761 916 esse
773 870 898 917 Dominum
909 881 1017 926 nostrum,
1026 865 1064 920 'cui
1076 875 1113 922 tri·

255 935 337 985 suem
349 934 451 982 sacerdos
462 933 508 980 Dei
519 933 625 989 altissimi,
653 933 690 980 bui
701 934 756 980 nihil
771 935 799 981 de
817 935 939 982 sacerdotio
960 936 1064 998 loquutus
1082 945 1114 986 es·

162 999 197 1060 qui
215 999 312 1044 occurrit
326 997 455 1044 Abrabamo
475 999 593 1044 revertenti
612 995 626 1044 l
654 995 742 1044 Moses.

161 1061 227 1110 nude
238 1077 325 1123 regum,
337 1069 360 1109 et
370 1061 482 1108 benedixit
489 1062 526 1108 eia
688 1063 718 1108 15
735 1062 809 1122 quue
819 1059 885 1108 etiam
897 1061 967 1124 magia
978 1071 1038 1126 patet
1048 1080 1075 1111 ea
1084 1081 1115 1121 eo.

193 1130 208 1171 2
225 1123 283 1188 (Cui
295 1133 318 1172 et
329 1126 427 1172 decimus
438 1139 467 1172 ex
475 1125 624 1172 omnibuaim·
653 1121 713 1185 qudd
731 1125 760 1171 ad
776 1126 939 1173 similitudinum
959 1125 1116 1178 Melchisedaei

161 1190 295 1251 pertitnsest
302 1189 442 1235 Abrabamus
449 1188 470 1249 a)
483 1189 520 1250 qui
530 1187 625 1250 primdm
653 1189 753 1235 exoritur
763 1189 865 1236 sacerdos
875 1189 930 1236 ulins
939 1205 947 1247 ;

161 1249 249 1314 quidelm
262 1267 290 1300 ex
300 1253 482 1314 interpretatione
488 1253 625 1300 dieiturRex
689 1256 718 1299 16
735 1252 781 1307 Qui
793 1269 838 1298 nen
849 1268 878 1300 ex
889 1253 945 1315 lege,
954 1255 1017 1316 cujus
1025 1256 1113 1305 mamis«

160 1318 262 1380 iustitiae,
273 1314 485 1364 deiudeverdetiam
496 1332 536 1363 rex
544 1317 624 1373 Salem,
654 1322 702 1362 tum
719 1317 747 1362 sit
759 1317 853 1372 carnale,
871 1317 942 1364 iactus
959 1327 992 1365 est
1007 1323 1116 1376 suom-dos.

162 1381 220 1442 quod
230 1389 265 1427 eat
276 1380 329 1426 Rex
338 1380 414 1441 paoisr
654 1379 693 1426 sed
703 1395 732 1426 ex
743 1381 765 1426 vi
776 1381 931 1428 indissolubilia
942 1383 1006 1429 vitae.
1158 1423 1168 1440 ,

193 1449 209 1490 5
225 1446 279 1492 Sine
290 1451 358 1506 patre,
373 1444 421 1490 sine
436 1453 513 1499 matre,
525 1444 572 1490 sine
583 1461 624 1506 ge·
689 1447 717 1490 17
734 1443 876 1491 Testifioatur
886 1439 945 1492 enim
960 1447 1057 1494 adhunc
1068 1463 1117 1496 mo·

163 1523 230 1565 uere3
248 1523 289 1554 neo
300 1509 387 1554 initium
398 1507 490 1562 dierum,
508 1523 579 1568 neque
590 1509 624 1554 vi·
654 1507 713 1561 dum,
725 1507 763 1555 Tu
772 1525 796 1556 es
806 1509 907 1556 'sacerdos
924 1511 946 1556 in
957 1520 1071 1559 aeternum
1082 1529 1117 1560 se·

122 1617 126 1621 .
163 1581 196 1618 tae
216 1573 285 1618 linem
304 1573 406 1628 habens3
433 1573 472 1618 aed
493 1572 626 1618 assimilatus
654 1569 750 1618 cundrim
762 1574 860 1620 ordinem
874 1574 1038 1622 lilelohiaedeoi.

164 1635 219 1682 lilio
232 1636 285 1690 Dei,
296 1644 372 1682 manet
388 1636 489 1682 sacerdos
506 1636 528 1680 in
545 1651 623 1698 perpe-
689 1639 717 1682 18
736 1636 773 1684 Fit
788 1639 847 1684 enim
864 1639 953 1685 abolitio
969 1641 1118 1700 praecedentis

162 1707 230 1746 tuum.
655 1701 757 1753 mandati,
775 1710 865 1762 proptor
882 1704 949 1763 ipsius
969 1703 1117 1751 infirmitatem

192 1767 209 1808 4
226 1763 330 1824 Spectate
340 1759 394 1809 vend
411 1771 505 1823 quantus
522 1763 557 1809 hic
565 1762 624 1826 sne·-
654 1763 832 1813 etinutilitatem.

162 1829 199 1881 rit,
210 1828 246 1874 cui
265 1825 405 1874 Abrabamua
421 1828 487 1874 etiam
506 1827 543 1872 iile
556 1829 624 1889 patri·
689 1830 718 1874 19
735 1827 797 1873 Nihil
808 1828 867 1873 enim
875 1827 1019 1874 sanctificavit
1027 1827 1070 1883 lex.
1080 1832 1118 1877 seul

161 1892 342 1938 archadeoimarn
354 1891 473 1968 spoliorum
485 1891 575 1938 dederit
654 1890 845 1952 superintrodueta
879 1907 929 1952 spes
962 1893 1046 1947 melior,
1080 1909 1118 1956 per

193 1958 208 2002 5
225 1955 259 2002 Et
275 1955 290 2000 ii
306 1955 395 2015 quidem
412 1956 449 2016 qui
467 1962 519 2002 sunt
530 1954 625 2002 ex'filiis
653 1969 720 2016 quam
731 1955 933 2016 appropinquamus
945 1954 1005 2006 Deo.

164 2017 218 2065 levi
237 2019 359 2065 sacerdotio
377 2019 503 2080 iungentes,
520 2033 625 2081 praecep-
687 2023 719 2064 20
743 2019 818 2066 Etiam
840 2027 949 2080 quatenus
971 2035 1015 2070 non
1037 2021 1118 2082 absque

163 2089 208 2129 tum
230 2084 311 2129 babent
332 2083 466 2129 decimarum
487 2083 625 2144 accipienda·
654 2083 798 2145 jurejurando
806 2080 1053 2144 suprerintroducta'eat.

162 2143 235 2192 rumd
250 2146 332 2208 populo
347 2144 467 2193 secuuddm
484 2147 565 2208 legem,
582 2147 625 2193 hoo
687 2151 714 2193 21
735 2147 796 2194 Nam
817 2148 847 2193 illi
867 2145 956 2208 quiddm
978 2149 1033 2195 citra
1045 2151 1117 2211 jusju-

161 2219 200 2264 est,
217 2208 345 2256 dfratribus
356 2211 476 2265 suisplieet
489 2211 586 2272 egressis
596 2225 625 2257 ex
654 2211 747 2257 randum
769 2211 893 2258 sacerdotes
915 2212 967 2258 sacti
986 2221 1055 2259 sunt:
1083 2215 1118 2260 bic

162 2274 239 2321 lumbis
251 2274 379 2321 Abrabami.
496 2291 498 2296 ’
654 2271 708 2320 rard
727 2289 778 2320 oum
793 2276 943 2335 jurejurando,
960 2289 1000 2336 per
1013 2291 1065 2321 eum
1081 2277 1117 2337 qui

193 2343 208 2385 6
226 2337 250 2384 Is
269 2335 329 2392 verti,
351 2340 414 2397 eujus
432 2353 504 2398 genus
525 2338 553 2384 ad
575 2338 625 2385 illos
654 2338 710 2384 dixit
728 2339 755 2392 ei,
777 2336 866 2386 Juravit
888 2337 1007 2392 Dominus,
1029 2347 1052 2384 et
1073 2353 1118 2386 nou

162 2417 206 2448 non
236 2401 336 2455 refertur,
366 2401 463 2447 decimas
488 2402 572 2463 accepit
598 2403 625 2448 ab
654 2401 774 2462 poenitebit
795 2415 853 2454 euin,
875 2401 912 2447 Tu
934 2416 957 2447 es
976 2403 1077 2448 sacerdus
1096 2403 1118 2450 iu

163 2465 296 2519 Abraham,
318 2473 341 2512 et
360 2465 447 2512 habenti
469 2466 625 2528 promissiones
654 2474 767 2511 aeternum
780 2462 900 2511 seounddm
912 2466 1011 2522 ordinem
1022 2465 1117 2513 Melchi-

161 2529 277 2576 benedixit.
615 2543 618 2548 ’
655 2529 734 2575 sedeci.

193 2596 207 2640 7
226 2589 298 2639 Porrd
309 2593 357 2638 sine
368 2589 412 2638 ulli
427 2589 585 2647 controversiis,
602 2593 624 2639 id
687 2597 718 2638 22
735 2588 808 2638 Tanti
817 2593 908 2654 potioris
919 2593 1013 2640 idedun
1024 2609 1118 2657 sponsor

160 2657 219 2717 quod
238 2657 312 2702 miuus
330 2663 371 2710 est,
388 2657 415 2702 ab
434 2672 461 2702 eo
479 2658 538 2718 quod
554 2658 624 2720 majus
655 2656 726 2702 suctus
737 2664 772 2702 est
781 2654 855 2704 Jesus.

161 2729 194 2766 est
204 2720 348 2766 benedicitur.
687 2725 719 2766 25
736 2721 768 2768 Et
778 2721 809 2767 illi
820 2717 910 2782 quiddm
919 2721 993 2784 plures
1004 2722 1055 2770 iacti
1068 2731 1119 2771 sunt

192 2789 207 2829 8
225 2785 302 2844 Atque
313 2785 348 2829 blo
361 2778 453 2850 quiddm
470 2783 571 2830 homines
587 2784 624 2844 qui
654 2785 786 2841 sacerdotes,
797 2784 856 2848 qudd
869 2803 929 2834 mora
946 2789 1071 2849 prohiberet
1081 2801 1119 2836 eos

160 2848 290 2902 moriuntur,
298 2847 394 2894 decimas
403 2848 521 2910 accipiunt:
533 2849 624 2894 illlcau·
654 2864 798 2910 permanere:
919 2880 923 2890 -

161 2911 326 2971 temisdequo
336 2917 440 2957 testatum
449 2919 484 2957 est
491 2909 550 2972 qudd
557 2912 624 2958 vivut.
687 2917 718 2958 24
735 2915 768 2959 At
779 2915 827 2967 iste,
840 2920 955 2974 propterea
972 2911 1030 2974 tprdd
1046 2915 1069 2960 in
1081 2930 1118 2962 aa·

193 2981 208 3024 9
225 2975 258 3021 Et
270 2975 307 3038 (ut
316 2975 349 3020 ita
358 2973 447 3034 loquar)
462 2976 485 3020 in
498 2976 625 3022 Abrabumo
655 2982 743 3021 ternum
761 2983 842 3032 manet,
854 2983 984 3036 perpetuum
1001 2977 1066 3023 babet
1083 2992 1119 3025 ss·

161 3039 281 3085 decimatus
300 3046 335 3084 est
352 3039 419 3085 etiarn
438 3039 484 3100 ipse
504 3038 568 3095 Levi,
587 3040 625 3100 qui
654 3040 783 3100 cerdotium.

161 3103 257 3148 decimas
269 3102 326 3148 solet
336 3102 441 3162 accipere.
687 3106 718 3150 ⁸25
738 3101 804 3148 Unde
820 3108 843 3148 et
862 3115 950 3147 servare
967 3097 1064 3163 perfecti
1078 3118 1119 3164 po·

194 3170 223 3212 10
241 3165 301 3212 Nam
313 3166 332 3211 is
343 3166 414 3212 adhuc
427 3165 450 3211 in
466 3165 546 3212 lumbis
557 3167 626 3228 putria
655 3173 757 3214 testeos
772 3165 810 3226 qui
827 3181 867 3226 per
885 3165 957 3226 ipsum
974 3157 1119 3216 aoeeduutad

161 3237 212 3282 erat.
219 3245 288 3290 quum
296 3236 421 3276 occurreret
428 3231 555 3276 Abmharuo
562 3229 624 3277 Mel·
656 3230 739 3285 Deum,
755 3244 841 3291 semper
857 3230 936 3276 vivens
953 3237 978 3276 ut
997 3229 1119 3292 interpellet

161 3294 294 3339 ebisedeeus.
654 3309 695 3355 pro
705 3296 744 3340 eis.

194 3360 220 3407 ll
241 3353 321 3409 Potui,
331 3355 348 3400 si
360 3357 521 3402 consummatio
530 3373 569 3418 per
579 3355 625 3403 Le·
687 3361 718 3404 26
735 3356 797 3404 Talia
807 3357 867 3402 enim
885 3371 926 3402 nos
940 3356 1030 3404 decebat
1045 3357 1117 3417 ponti·

18 3405 20 3430 ⁵
95 3429 99 3435 ’
161 3420 250 3466 titicnm
268 3419 415 3465 sacerdotium
434 3428 487 3474 erat,
506 3422 568 3483 (uam
586 3421 626 3468 sub
654 3420 699 3475 lex,
710 3429 807 3474 sanctus,
825 3419 1068 3472 ninevitio,sinelabe‚
1084 3436 1117 3466 se·

160 3485 202 3530 bne
213 3484 298 3529 sancita
308 3482 344 3528 lex
355 3491 390 3528 est
400 3481 503 3545 populo‚)
514 3484 566 3545 quid
577 3499 624 3530 nm·
654 3495 773 3546 gregratus
782 3481 797 3530 ai
806 3485 964 3545 peccatoribus,
975 3490 998 3530 et
1009 3483 1117 3530 sublimior

159 3545 215 3609 plids
231 3553 280 3592 erat
294 3561 351 3607 opus
369 3547 436 3592 alium
453 3548 534 3608 erroriri
552 3563 624 3594 saeer-
654 3549 723 3596 coelis
733 3548 811 3594 sactus.

159 3611 233 3657 doum
250 3607 372 3656 secunddm
386 3611 486 3658 ordinem
504 3609 625 3658 Melebiae·
689 3615 719 3658 27
737 3609 781 3658 Cui
800 3625 845 3656 non
862 3609 892 3655 sit
907 3609 1004 3671 quotidie
1023 3625 1119 3666 necesse.

159 3673 214 3728 daei,
226 3689 268 3721 nec
280 3671 402 3720 secundum
416 3675 517 3721 ordinem
528 3675 626 3722 Aaronis
656 3673 842 3735 quemadmodum
853 3673 1048 3736 illispontiboibus
1076 3671 1120 3722 ridi

160 3735 222 3787 tw
657 3737 803 3800 propeccatis
819 3738 913 3800 propriis
924 3738 1049 3786 victimaso
1078 3753 1119 3789 tn.
