2720 4312
391 428 410 470 1.
424 421 587 470 El’lSTOLri
607 420 761 476 JOANNlS,
784 419 831 475 111,
852 419 883 466 1i

167 549 214 582 etus
224 531 332 588 ildariam,
349 547 421 592 neque
436 530 572 592 pudefiamus
588 546 627 576 eo·
693 533 722 574 15
741 529 777 576 Ne
796 529 911 586 miramini,
933 529 1011 578 iratres
1030 532 1080 587 mei,
1102 537 1118 582 d
1177 579 1181 587 ,

167 613 211 645 mat
222 613 249 644 eo
260 599 283 644 in
295 599 363 659 ipsius
373 597 477 642 adventu.
659 593 705 639 odit
716 609 757 639 vos
768 594 870 640 mundus

198 666 228 708 ‘29
240 661 263 707 Si
271 661 331 707 scitis
339 661 479 722 eumjustnm
487 673 542 713 esse,
552 656 628 712 ndstis,
695 661 722 703 14
741 657 791 703 Nos
801 658 882 704 seimus
893 674 935 705 nis
945 659 1063 708 translatus
1072 675 1116 708 esst

167 725 289 786 quicunque
310 734 399 772 exercet
410 723 519 787 justitiam
536 735 565 769 ex
581 723 629 784 ipso
659 735 688 766 ex
707 729 779 767 morte
797 721 825 766 ad
845 723 919 774 vitain,
941 724 992 784 qnia
1009 725 1119 786 diligimur

167 799 308 836 mtumesse.
660 784 745 831 iratres.
780 785 825 839 Qui
834 801 879 832 nun
888 787 959 848 diligit
967 787 1065 844 fratrem,
1073 805 1119 838 mo·

660 849 820 894 netinmorte.

329 912 403 962 CAP.
424 911 472 959 111.
695 914 724 958 15
747 911 853 972 Quisquis
871 913 918 958 odit
939 913 1028 962 fratrem
1049 930 1115 965 tuan

233 977 341 1025 IDETE
348 978 433 1038 qualem
439 976 564 1024 charitatem
571 974 631 1022 dedit
660 975 770 1022 homicida
779 984 828 1031 est;
845 984 868 1021 et
879 976 947 1024 mistis
956 979 1118 1030 nuliumhouti·

248 1043 311 1088 nobis
323 1041 397 1094 Pater,
409 1056 488 1101 nempe
499 1039 572 1086 utiilii
584 1038 629 1084 Dei
660 1039 731 1086 eidam
748 1039 826 1088 habere
843 1041 910 1086 vitam
931 1051 1042 1090 oeternum
1059 1044 1121 1094 1111

170 1118 286 1154 notemur:
305 1115 420 1167 propterea
431 1105 525 1150 mundus
536 1118 629 1150 nonno·
661 1112 794 1149 manentem.

170 1170 200 1216 tit
211 1185 258 1223 nos,
266 1170 368 1229 quianon
381 1169 442 1215 norit
452 1183 510 1214 eum.
696 1169 724 1213 16
743 1166 787 1212 Per
808 1166 850 1212 hoe
871 1167 973 1214 norimus
994 1169 1120 1220 charitatem

201 1238 216 1278 2
229 1232 364 1286 charissimi,
373 1248 431 1278 nunc
441 1231 478 1277 iiiii
488 1231 531 1278 Dei
540 1245 629 1286 sumus;
662 1229 715 1283 Dei,
732 1229 791 1291 qndd
802 1231 838 1276 ille
848 1231 943 1278 animani
955 1249 1017 1279 suam
1028 1249 1070 1296 pro
1079 1249 1119 1284 no

169 1297 315 1343 sednondum
327 1297 458 1358 patefactum
469 1304 502 1342 est
513 1295 572 1356 quud
587 1294 630 1340 eri-
661 1294 694 1339 bis
709 1294 798 1354 posuit:
823 1309 864 1342 nos
881 1296 947 1357 igitur
962 1297 1067 1344 debemus
1082 1313 1120 1361 pro

15 1367 16 1370 ’
93 1391 98 1395 -
170 1375 231 1408 mus:
244 1361 405 1406 seimusautenr
414 1360 468 1412 sore,
478 1369 501 1405 ut
510 1359 631 1420 quumt‘pse
661 1357 763 1404 fratribus
774 1357 869 1404 animant
880 1375 969 1420 ponere.

170 1424 290 1485 patefactus
309 1424 381 1478 suerit,
403 1423 485 1471 similes
503 1424 524 1469 ei
543 1424 628 1468 simus:
696 1424 724 1468 17
743 1422 788 1476 Qui
803 1416 858 1470 ¹neni
874 1423 971 1470 habuerit
987 1425 1122 1474 mundanum

170 1489 272 1548 quoniam
285 1489 404 1534 videbimus
415 1503 466 1533 eum
477 1487 540 1533 sicuti
551 1495 592 1532 est.
661 1485 751 1540 victum,
762 1495 786 1532 et
797 1486 874 1533 viderit
882 1487 971 1534 fratrem
980 1505 1044 1536 suunt
1053 1507 1121 1552 egen·

201 1557 217 1597 5
235 1551 267 1598 Et
277 1553 375 1613 quisquis
387 1553 449 1597 habet
461 1553 517 1598 hune
528 1565 589 1611 spem
606 1549 630 1595 in
662 1558 714 1604 tem,
731 1560 754 1597 et
771 1551 873 1598 clauserit
890 1553 974 1600 tiseera
993 1569 1031 1602 sua
1048 1571 1122 1602 eorem

171 1632 197 1661 eo
208 1617 283 1672 sitnm,
299 1615 398 1678 purificat
409 1615 498 1662 sesicut
508 1625 532 1660 et
542 1615 578 1660 ille
589 1629 630 1676 pu·
661 1629 705 1704 eo,a
711 1615 823 1675 quomodo
840 1615 933 1664 charitas
948 1617 994 1664 Dei
1011 1629 1085 1666 niariet
1101 1620 1124 1669 in

171 1691 259 1726 rnsest.
661 1693 701 1724 eo.

202 1748 218 1788 «1
236 1743 343 1803 Quisquis
365 1743 402 1788 dat
423 1757 511 1803 operam
533 1749 630 1804 peceato,
697 1745 725 1786 18
743 1739 816 1788 lilioli
826 1741 874 1793 mei,
887 1757 915 1788 ne
923 1743 1039 1804 diligamus
1048 1747 1122 1800 verbo,

170 1808 235 1854 etiam
248 1808 319 1868 legem
329 1808 500 1868 transgreditur:
519 1821 569 1852 num
579 1821 632 1868 pec·
662 1819 734 1864 neque
744 1803 820 1868 linguai
837 1804 914 1860 tnlrirn,
931 1808 969 1852 sed
980 1807 1038 1854 sacto
1049 1819 1072 1854 et
1083 1825 1121 1856 ve·

170 1881 243 1918 eatam
255 1880 288 1917 est
299 1872 354 1932 legis
366 1870 517 1932 transgressio.
663 1870 733 1914 ritate.

205 1939 220 1982 5
237 1935 269 1981 Et
283 1936 342 1981 scitis
359 1935 420 1980 illum
436 1934 567 1995 patefactum
583 1947 633 1978 esse
697 1936 726 1980 19
743 1931 775 1979 Et
785 1947 824 1994 per
832 1931 874 1978 hoe
882 1933 1038 1994 cognoscimus
1046 1949 1087 1980 nos
1095 1951 1122 1982 ex

173 2007 196 2045 ut
212 2009 301 2060 mesta
317 2009 392 2044 nostra
408 1999 501 2054 tolieret,
517 2007 540 2043 et
553 2011 631 2058 pecca·
663 1996 755 2043 veritate
773 2011 828 2050 esse,
849 2006 873 2042 et
890 2012 965 2044 corant
982 1999 1029 2060 ipso
1047 2013 1123 2048 secura

172 2072 219 2109 tum
232 2064 253 2108 in
265 2078 348 2110 eonon
360 2077 415 2108 esse.
663 2061 779 2108 reddemus
789 2060 856 2107 eorda
867 2070 949 2108 nostra.

203 2133 219 2174 6
236 2126 341 2187 Quisquis
352 2127 374 2171 in
386 2141 413 2172 eo
423 2132 506 2179 manet,
524 2139 568 2170 non
581 2138 632 2184 pec·
696 2129 727 2170 20
744 2124 804 2170 Nam
812 2125 829 2170 si
837 2140 878 2171 nos
884 2125 1015 2172 condemnet
1023 2142 1062 2172 eor
1070 2143 1124 2173 nos·

171 2200 222 2238 eat:
244 2189 340 2250 quisquis
351 2198 434 2251 peccat,
451 2202 496 2235 non
508 2189 562 2234 vidit
572 2203 630 2241 eum,
663 2194 729 2242 trum,
738 2204 817 2250 nempe
825 2189 934 2250 potentior
943 2200 976 2236 est
986 2189 1050 2236 Deus
1058 2192 1124 2239 corde

173 2270 243 2314 napae
254 2255 316 2300 novit
326 2269 385 2300 eum.
664 2263 746 2306 nostro,
758 2260 780 2298 et
792 2253 853 2298 novit
867 2252 949 2298 omnia.

204 2323 219 2366 7
238 2317 316 2370 Fdioli,
334 2333 399 2363 nemo
411 2333 451 2362 vos
467 2316 571 2362 seducat:
596 2314 633 2374 qui
697 2320 724 2361 21
745 2315 1123 2368 11111111οοτιιοειτιιιηηοεηοη

172 2382 381 2443 exercetjustitinm,
393 2381 468 2444 justus
479 2389 519 2434 est,
531 2382 587 2426 sicut
599 2379 635 2424 ille
664 2380 802 2435 condemnet,
824 2378 925 2424 fiduciam
947 2380 1051 2426 habemus
1067 2382 1124 2443 apud

173 2447 244 2510 justus
254 2456 295 2491 est.
665 2443 750 2489 Deum.

205 2514 220 2554 8
238 2509 283 2563 Qui
295 2509 332 2556 det
343 2523 431 2570 operam
443 2515 539 2569 peccato,
551 2521 578 2552 ex
587 2506 634 2552 dia·
698 2511 729 2552 22
746 2505 778 2552 Et
788 2505 890 2566 quiequid
901 2506 1033 2566 petierimus,
1045 2509 1124 2570 aecipi-

173 2573 223 2620 bolo
234 2583 282 2629 est;
298 2574 401 2634 quoniam
413 2568 426 2617 it
437 2571 542 2633 principio
559 2571 634 2616 diabo·
665 2585 715 2616 mus
732 2572 758 2616 ab
775 2586 809 2625 eo,
828 2571 931 2631 quoniam
949 2583 1063 2632 praecepta
1079 2576 1126 2635 ejus

174 2636 207 2683 lus
228 2645 311 2698 peceat.
345 2637 382 2682 Aa
401 2637 442 2682 hoc
462 2635 582 2696 patefactus
601 2641 635 2680 est
665 2635 807 2690 custodimus,
826 2643 850 2680 et
868 2649 894 2681 ea
911 2650 966 2696 quae
982 2635 1023 2697 ipsi
1040 2637 1126 2699 placent

175 2699 244 2747 Pilius
264 2701 315 2756 Dei,
336 2710 360 2746 ut
379 2699 484 2746 dissolvat
503 2714 570 2760 opera
588 2698 634 2744 dia·
665 2698 764 2746 iacintus.

160 2797 162 2808 r
173 2765 224 2811 boli.
699 2767 729 2808 23
748 2762 801 2810 Hoc
812 2772 846 2809 est
856 2762 924 2824 igitur
935 2764 982 2826 ejus
993 2757 1126 2819 mandatum,

207 2833 222 2876 9
239 2827 345 2888 Quisquis
356 2835 420 2873 natus
431 2836 501 2873 estex
511 2825 570 2879 Deo,
582 2840 634 2885 pee-
666 2836 691 2873 ut
708 2828 822 2874 credamus
840 2828 923 2873 nomini
943 2827 991 2874 Filii
1007 2830 1055 2889 ejus
1071 2829 1126 2876 Jcsn

173 2893 431 2952 tatonondatopemm:
451 2890 636 2950 quoniamsemen
667 2890 758 2944 Christi,
776 2901 798 2936 et
815 2891 931 2951 diligamus
947 2891 982 2936 alii
993 2893 1053 2944 alios,
1071 2893 1128 2938 sicut

175 2956 414 3007 iusiusineoinanet:
440 2970 480 2999 nee
497 2961 569 3014 potest
583 2967 635 3014 pec·
667 2955 859 3000 mandavitnobis

174 3035 231 3071 eure,
242 3035 270 3065 eo
280 3017 339 3079 qudd
349 3033 377 3064 ex
391 3018 442 3063 Deo
454 3029 518 3063 uatus
531 3025 571 3062 est.
699 3023 730 3063 24
748 3017 807 3062 Nant
819 3016 854 3075 qui
867 3017 968 3061 observat
978 3016 1025 3077 ejus
1036 3018 1127 3064 mandu-
1188 3011 1190 3019 ⁴

209 3087 239 3128 10
256 3082 300 3128 Per
307 3084 349 3128 hoc
356 3081 464 3128 manifesti
475 3092 524 3128 sant
535 3080 572 3126 filii
584 3079 636 3134 Dei,
668 3088 696 3136 ta,
715 3081 737 3126 in
755 3096 782 3126 eo
800 3080 887 3132 habitat,
907 3089 930 3124 et
946 3079 992 3139 ipse
1006 3084 1027 3124 m
1038 3095 1081 3126 eor
1105 3091 1128 3129 et

175 3157 198 3192 et
209 3146 246 3192 11111
257 3147 348 3192 diaboli:
368 3147 466 3204 quisquis
478 3161 522 3190 non
534 3145 571 3190 dat
582 3159 636 3204 ope·
667 3160 706 3206 per
717 3147 759 3191 lroe
771 3145 873 3189 novimus
884 3158 934 3188 eum
946 3143 1041 3188 habitare
1052 3143 1075 3190 in
1087 3159 1127 3190 no-

176 3225 221 3256 ram
228 3211 334 3271 justitiae,
351 3224 396 3255 non
407 3221 440 3256 est
451 3224 479 3254 ex
491 3208 550 3263 Deo,
567 3208 637 3268 etqui
668 3210 707 3263 bis,
719 3222 834 3268 rtenrpeex
846 3207 928 3269 Spiritu
939 3222 1004 3267 quem
1017 3208 1079 3254 nobis
1089 3208 1126 3254 de·

177 3275 221 3320 non
232 3274 303 3335 diligit
314 3273 402 3319 fratrem
415 3288 486 3318 suum.
668 3273 707 3320 dit.

211 3341 236 3383 11
257 3337 370 3390 Quoniam
382 3338 435 3382 haee
449 3348 483 3382 est
499 3334 638 3382 denunciatio

178 3416 241 3460 quam
253 3401 366 3446 audivistis
377 3397 390 3445 *a
401 3400 513 3462 principio,
526 3411 550 3446 ut
558 3400 637 3460 diliga-
830 3396 903 3445 CAP.
922 3396 965 3443 lv.

179 3479 227 3510 nius
237 3465 272 3510 alii
284 3465 345 3510 alios.
738 3460 861 3515 ILECTl,
874 3477 902 3507 ne
910 3461 980 3506 cuivis
989 3460 1071 3522 spiritur
1081 3477 1126 3508 ere»

211 3533 239 3576 12
258 3528 312 3574 Non
332 3528 388 3573 sieut
408 3525 471 3579 Cain,
494 3527 536 3586 pnt'
553 3540 581 3572 ex
600 3525 639 3570 illo
757 3527 807 3579 dite,
826 3527 864 3571 sed
883 3526 972 3586 probate
989 3525 1083 3584 spiritus,
1103 3542 1128 3572 aa

180 3591 235 3638 roto
251 3600 305 3646 erat,
325 3601 347 3636 ct
364 3591 443 3636 oceidit
461 3591 550 3638 fratrem
567 3605 638 3635 suum.
669 3603 698 3636 ex
710 3589 762 3636 Deo
774 3589 831 3644 sint;
849 3605 899 3635 nam
910 3588 972 3633 multi
984 3589 1130 3652 pseudo-pro·

180 3652 248 3718 Cujus
259 3665 332 3700 autem
344 3655 375 3700 rei
388 3651 459 3715 grani
475 3654 554 3700 occidit
570 3651 640 3698 eum?
669 3655 748 3715 phetae
759 3661 867 3699 venerunt
878 3652 900 3697 in
912 3653 1024 3698 mundum.

179 3721 235 3778 quia,
246 3734 311 3780 opera
330 3720 377 3778 ejus
396 3718 454 3764 mala
474 3728 542 3770 erant,
566 3715 640 3764 fratis
703 3715 1128 3779 ‘2ExhoecognuseiteDeiSpiritnrn:

179 3795 250 3828 tutem
264 3783 385 3845 ejurjustn.
503 3776 508 3784 '
671 3778 795 3838 quicunqne
815 3780 903 3842 spiritus
921 3780 1035 3830 nrolitetur
1054 3780 1129 3828 desan
