2734 4314
25 3779 29 3946 Ι

25 4047 30 4202 l

445 359 450 366 1
544 306 662 405 nucu
683 346 729 398 ιν.

159 455 286 509 liloenue,
299 469 405 501 numnam
417 457 465 516 'rpse
476 461 537 500 esset
548 450 627 500 cutis-
643 457 646 464 '
658 452 735 510 Booti,
747 455 802 520 filii
821 455 938 513 Selinouir,
949 459 1004 523 Jr'lii
1024 458 1120 506 Naisso.

158 529 191 568 tus
202 521 248 573 ille,
658 520 699 571 nis,

189 589 217 630 16
236 582 363 644 Respondit
371 579 481 634 ioannes,
491 581 569 626 dicens
578 595 627 626 om·
689 586 722 628 55
739 583 801 630 Filii
820 581 956 640 Aminadebi
967 587 1022 652 filii
1038 585 1120 642 Arunri

158 649 224 702 uibus,
235 647 290 708 Ego
299 641 389 706 quiddm
397 647 490 706 baptizo
502 642 624 704 vosuquii:
656 647 711 709 filli
726 646 822 702 Esromi,
835 650 889 712 filii
905 648 1003 704 l'heresi,
1015 653 1070 714 filii
1080 651 1120 699 Ju-

159 713 194 758 sed
209 713 272 758 venit
288 711 326 770 qui
343 710 437 756 validior
453 724 491 754 me
507 715 549 761 est,
566 709 628 767 cujus
659 710 705 762 dae,

159 792 201 824 non
213 791 263 821 sum
275 775 358 835 dignus
366 775 404 834 qui
414 773 500 818 solvam
510 772 627 832 corrigiam
690 778 721 818 ut
740 776 801 820 Filii
817 773 901 827 laconi,
913 777 968 840 filii
985 775 1060 834 lsuuel,
1071 781 1123 844 filii

158 841 281 900 solearum:
302 839 349 898 ipse
361 853 402 884 vos
412 837 537 898 baptizabit
547 836 628 896 Spiritu
660 837 786 892 Abretteni,
797 841 843 898 filii
850 839 998 905 Tharaefitit
1007 842 1093 890 Naelror
1098 846 1117 890 is

161 905 242 950 Sancto
253 913 276 948 et
288 903 342 963 igni.
690 905 723 948 55
740 905 801 949 Filii
810 904 964 968 Saruclrijilii
973 905 1123 973 Reguvifil‘s

191 972 220 1015 17
240 966 312 1028 Cujus
323 965 469 1012 ventilabrum
482 965 505 1010 iu
517 979 584 1009 manu
595 964 628 1025 ip-
662 965 816 1029 Pbaleci,filii
828 966 989 1032 lleberisfllii
1000 970 1070 1024 Soloe,

160 1035 216 1088 iius3
236 1043 259 1076 et
270 1032 308 1092 qui
320 1029 462 1091 perpurgabit
473 1044 547 1074 aream
560 1044 628 1082 suam,
692 1034 724 1076 56
741 1031 803 1078 Filii
814 1029 914 1084 Caluini,
924 1034 978 1095 filii
990 1034 1126 1094 imbuerit,

160 1103 180 1143 et
197 1103 264 1157 coget
281 1095 379 1139 triticum
397 1094 420 1138 in
436 1094 541 1138 horreum
559 1107 629 1145 suum,
664 1094 718 1158 filii
727 1093 793 1147 Semi,
798 1095 852 1158 filii
865 1094 934 1146 Noae,
939 1096 993 1158 filii
1004 1095 1116 1152 Lumeclri,

161 1160 244 1224 mleem
263 1168 336 1205 autem
356 1164 436 1204 exuret
455 1157 502 1218 igni
522 1156 629 1202 inexstin·
693 1160 724 1204 37
743 1159 804 1204 Filii
816 1158 962 1212 Mathusalae,
972 1160 1026 1223 filii
1043 1160 1122 1208 Huno-

161 1224 243 1286 guibili.
660 1222 702 1274 chi,
730 1217 1109 1290 Hilaredlsfiliillimaluleelisfi

194 1292 224 1333 18
242 1286 317 1333 Multa
327 1286 396 1348 igitur
407 1285 473 1331 etiam
489 1285 532 1330 alia
548 1285 628 1332 exhor·
660 1287 688 1331 lii
712 1285 800 1340 'uinuni

163 1351 389 1412 rmsevangelizaoat
400 1349 490 1410 populo.
692 1354 723 1395 58
741 1352 803 1398 Filii
819 1349 912 1403 Henosi,
923 1353 977 1416 filii
994 1353 1061 1408 seut,
1070 1354 1125 1418 filii

196 1422 226 1464 19
240 1414 344 1462 Herodes
351 1422 427 1460 autem
436 1413 553 1488 tetrarclra„
561 1428 628 1472 quum
661 1415 748 1469 Adami,
760 1416 798 1476 qui
808 1414 850 1461 suit
862 1415 915 1462 Dei.

163 1477 628 1604 zittltillilltji‘titl‘tt:
820 1541 894 1592 cip,
918 1543 962 1592 1v.

164 1609 226 1654 nibus
237 1607 354 1664 sceleribus
365 1621 422 1666 quoe
433 1606 480 1666 ipse
494 1602 595 1666 patrirat,
674 1607 871 1722 JESUSuutem
878 1609 956 1670 plenus
963 1610 1046 1671 Spiritu
1053 1611 1122 1658 Seue-

195 1677 226 1718 20
242 1672 332 1732 Adjecit
353 1678 376 1716 et
393 1671 437 1716 hoc
460 1683 527 1730 supro
548 1669 673 1723 omniuo
734 1675 883 1720 torevertita
900 1672 1004 1728 Jordnne,
1022 1681 1045 1720 et
1060 1685 1123 1722 octus

164 1733 221 1796 qudd
231 1729 321 1782 inclusit
331 1734 443 1785 ioannem
455 1733 478 1778 in
491 1749 584 1779 carcere.
659 1743 693 1780 est
704 1736 730 1781 ub
741 1739 816 1782 eodem
830 1738 911 1798 Spiritu
923 1737 946 1783 in
957 1739 1076 1784 desertum.

195 1805 223 1846 21
243 1803 259 1860 1
272 1799 365 1846 Factum
373 1808 408 1844 est
415 1805 489 1844 eutem
499 1781 570 1856 quuni
574 1798 627 1858 bap·
693 1803 707 1844 2
726 1799 782 1844 Dios
798 1799 943 1860 quadraginta
959 1809 1059 1846 tentante
1074 1817 1124 1848 eum

164 1865 271 1910 tizaretur
279 1863 350 1909 omnis
359 1862 461 1924 populus,
470 1859 566 1908 etJesus
575 1862 628 1922 bap·
660 1862 761 1909 diabolo:
797 1879 869 1922 neque
893 1864 989 1909 comedit
1009 1865 1125 1924 quicquam

165 1930 246 1974 tizutus
258 1936 321 1980 esset,
336 1935 358 1974 et
370 1936 450 1980 oraret,
469 1932 494 1972 ut
510 1925 630 1986 aperiretur
661 1941 700 1988 per
719 1927 768 1972 illos
786 1927 849 1981 dies;
873 1927 910 1972 sed
927 1928 954 1974 iic
971 1926 1038 1973 linitis
1049 1936 1125 1989 postea

164 1993 250 2038 coelum
260 2008 268 2048 ;
661 1991 744 2037 esuriit.

191 2061 222 2102 2‘2
236 2056 272 2102 Ac
280 2055 423 2101 descenderet
432 2053 527 2114 Spiritus
536 2053 631 2099 Sanctus
694 2059 710 2100 5
726 2054 786 2101 Tum
799 2055 853 2100 dixit
864 2056 883 2100 ei
896 2055 1000 2111 diabolus,
1019 2057 1042 2104 Si
1056 2055 1124 2104 Filius

165 2118 269 2182 corporei
293 2121 370 2184 speeie,
396 2127 501 2178 tanquam
524 2118 631 2170 columba,
662 2135 687 2166 es
699 2117 751 2172 Dei,
763 2120 798 2166 dic
809 2120 839 2168 illi
853 2120 916 2181 lapidi
928 2129 953 2167 ut
963 2120 1002 2166 fiat
1012 2123 1082 2182 penis.

165 2199 305 2246 supreeum;
325 2192 347 2228 et
364 2198 409 2229 vox
426 2183 454 2228 de
470 2181 533 2228 coelo
550 2182 632 2227 existe·
695 2187 711 2228 4
728 2183 760 2230 Et
780 2186 892 2244 respondit
911 2186 930 2230 ei
948 2184 1022 2238 lesus,
1044 2187 1127 2238 dicen,

165 2260 204 2302 ret,
216 2249 296 2302 dicens,
311 2247 347 2293 Tu
359 2247 467 2306 esnFilius
478 2245 514 2292 ille
525 2261 587 2292 meus
599 2245 632 2302 di·
665 2247 777 2307 Scriptum
795 2255 835 2300 est,
858 2247 911 2293 Non
930 2264 988 2308 pane
1003 2249 1050 2295 solo
1067 2251 1126 2296 vivet

166 2312 240 2366 lectus,
252 2313 274 2357 in
286 2319 308 2357 te
316 2313 439 2371 acquiesco.
664 2312 738 2364 homo,
751 2311 790 2356 sed
800 2311 879 2369 quovis
890 2313 958 2356 verbo
971 2311 1023 2357 Dei.

199 2381 229 2422 25
247 2374 378 2438 Ipseautem
386 2373 633 2434 Jesusincipiebutesse
697 2377 712 2420 5
729 2373 796 2419 Tune
822 2389 890 2433 quum
918 2375 1057 2422 subduxisset
1077 2391 1127 2424 eum

166 2441 226 2501 qumi
238 2456 346 2486 annorum
359 2440 459 2500 trim'nto,
474 2437 532 2484 filius
545 2438 581 2500 (ut
592 2451 633 2482 ex-
665 2437 763 2486 diabolus
775 2437 798 2482 in
809 2445 908 2484 montem
920 2438 1042 2492 sublimem,
1052 2447 1125 2486 osten-

167 2502 314 2563 istimabutur)
326 2503 420 2561 Josephi
430 2503 485 2566 filii
497 2501 558 2556 Heli,
664 2503 697 2550 dit
707 2503 727 2548 ei
739 2501 814 2548 omnia
824 2517 893 2564 regna
901 2509 972 2550 terroe
980 2511 1063 2564 puncto
1071 2513 1125 2550 tem·

198 2573 229 2614 24
246 2571 308 2615 Filii
319 2565 433 2620 Matthati,
443 2567 498 2630 filii
508 2565 572 2619 levi,
579 2565 634 2628 filii
664 2568 731 2629 poris.

170 2632 259 2688 Melchi,
268 2633 323 2696 filii
332 2631 428 2684 Jannae,
437 2631 492 2694 filii
499 2629 599 2691 Josephi,
697 2637 713 2677 6
730 2631 762 2676 Et
773 2632 803 2677 ait
814 2631 833 2678 ei
845 2631 949 2686 diabolus,
962 2630 1012 2678 Tibi
1024 2633 1079 2679 dabo
1088 2649 1127 2694 po·

199 2700 230 2744 25
247 2698 309 2744 Filii
322 2693 463 2748 Mattathiae,
475 2695 530 2758 filii
546 2693 632 2748 rimosi,
665 2702 766 2742 testatem
778 2697 834 2743 hauc
848 2698 980 2752 universam,
997 2704 1020 2744 et
1036 2698 1128 2759 glorium

167 2763 220 2825 filii
230 2760 322 2814 Naiimi,
326 2762 382 2824 filil
393 2758 449 2812 Est,
453 2759 508 2823 filii
518 2757 621 2820 Naggae
665 2760 752 2806 illorum
771 2777 910 2821 regnorum:
942 2777 994 2808 nam
1013 2764 1065 2808 mihi
1084 2769 1129 2807 tro-

199 2830 231 2872 ·26
248 2826 309 2872 Filii
321 2823 416 2877 Meathi,
425 2825 480 2887 filii
493 2822 633 2876 Mattathiae,
666 2825 711 2871 dita
729 2833 779 2882 est;
801 2834 824 2872 et
843 2827 966 2886 cuicunque
987 2827 1079 2872 voluero
1101 2827 1129 2871 ‹lo

168 2892 221 2954 Jttri
233 2889 312 2942 semei,
317 2890 371 2952 filii
381 2887 481 2948 Josephi,
490 2887 544 2950 filii
555 2885 633 2941 lutiae,
666 2904 722 2934 eam.

200 2957 231 3000 27
248 2955 311 3000 Filii
321 2952 430 3005 Joannae,
434 2952 488 3015 filii
496 2951 591 3004 Rhesso,
595 2951 634 3014 fl
699 2956 713 3000 7
731 2952 809 3012 Itaque
818 2954 835 3000 si
845 2961 869 2999 tu
878 2953 1003 3000 adoraveris
1011 2967 1054 3006 me,
1065 2959 1130 2998 erunt
1162 2977 1165 2991 »

170 3019 197 3064 lii
213 3017 360 3070 Zorobabells,
370 3017 425 3080 filii
443 3015 572 3069 Solathielis,
581 3015 636 3080 filii
667 3023 705 3062 tue
716 3017 797 3062 omnia„

172 3081 233 3136 Neri,
700 3084 714 3124 8
733 3079 881 3138 Respondens
900 3092 973 3122 autem
992 3076 1060 3124 Jesus
1076 3077 1131 3123 dixit

202 3150 232 3191 28
249 3147 312 3192 Filii
331 3143 423 3198 Melchi,
435 3145 489 3208 filii
507 3143 572 3196 Addi,
582 3143 637 3206 filii
667 3142 695 3197 ei,
708 3142 886 3192 Abscedeume,
905 3141 1003 3194 Salsum
1026 3141 1129 3200 scripturn

173 3209 268 3262 Commi,
275 3210 330 3272 filii
340 3207 473 3261 Elsnodumi
478 3209 532 3271 filii
544 3207 602 3258 Eris,
668 3213 702 3253 est
712 3206 779 3258 enim,
797 3204 906 3251 Adorabis
919 3203 1043 3249 Dominum
1055 3203 1132 3251 Deum

203 3279 233 3321 29
250 3275 311 3321 Filii
320 3272 382 3324 Jose,
392 3273 446 3335 filii
457 3271 574 3324 Eliezeris,
583 3269 638 3334 Jilii
668 3277 738 3322 tuum,
750 3269 802 3315 etei
815 3267 855 3314 soli
867 3268 955 3314 servies.

174 3337 316 3402 Jorimi,fllii
328 3335 500 3404 Mattheti,filii
512 3334 576 3387 Levi,
607 3373 610 3380 .
702 3339 717 3382 9
733 3333 793 3380 Tum
805 3333 868 3380 duxit
879 3348 930 3378 eum
943 3331 1132 3392 Hierosolymam,

203 3407 235 3448 50
251 3403 314 3448 Filii
322 3400 439 3454 Simeonis,
442 3401 496 3464 filii
501 3397 579 3446 Judue.
585 3399 637 3461 filii
669 3407 691 3444 et
702 3413 753 3444 eum
765 3398 840 3444 statuit
852 3397 1005 3458 supruvpinnas
1017 3396 1099 3458 templi,
1111 3406 1131 3445 et

178 3464 330 3527 losepln,fllii
341 3463 430 3517 Jonuni
435 3465 489 3528 filii
501 3463 609 3515 Eliucitn'i,
670 3463 725 3508 dixit
735 3462 761 3516 ei,
776 3463 799 3508 Si
807 3470 831 3507 tu
841 3459 910 3507 Filius
921 3459 966 3505 Dei
977 3475 1009 3515 es,
1020 3461 1088 3522 dejice
1100 3468 1129 3508 te·

203 3533 231 3574 51
253 3531 314 3576 Filii
325 3527 478 3591 Meleaefilii
488 3526 636 3588 munantfl-
669 3527 740 3588 Ipsum
752 3527 803 3572 hinc
814 3526 934 3579 deorsum3

177 3595 200 3639 'ri
225 3593 358 3645 Marianae,
378 3592 431 3654 filii
453 3591 569 3642 Nothauis,
585 3590 638 3653 jilii
704 3593 734 3634 10
751 3587 975 3650 Scnptumestenim
985 3588 1080 3651 Angelis
1089 3590 1134 3637 suis

180 3657 276 3707 llaridru,
669 3653 780 3698 mundabit
791 3654 819 3698 de
829 3658 858 3704 te,
870 3657 896 3696 ut
906 3653 1030 3700 custodiant
1038 3661 1076 3710 teg

204 3725 235 3766 3⁶)
255 3721 315 3768 Filii
325 3717 409 3784 longae
418 3719 473 3781 filii
487 3715 575 3766 Obedis.
585 3717 639 3779 filii
705 3719 730 3761 11
751 3715 783 3763 Et
801 3717 824 3762 iu
843 3729 922 3762 niauus
943 3721 1021 3765 tollent
1042 3732 1070 3770 te.
1093 3731 1133 3761 uo·

398 3785 427 3824 ti',⁴
1001 3817 1002 3820 ,
