2720 4312
475 417 499 462 2.
521 401 571 450 AD
589 399 809 457 CORINTHIOS,
834 409 853 458 l.

176 515 248 572 paoni,
264 507 391 554 recondens
410 507 472 568 quod
487 523 529 568 pro
545 505 592 553 Dei
607 507 645 553 hc·
712 509 742 552 13
758 506 863 568 Vigilate,
880 515 976 570 perstate
992 508 1014 555 in
1026 505 1076 564 tte,
1087 511 1136 558 uit·

177 574 282 634 nignitate
292 572 398 617 licuerit:
418 587 454 626 oc,
471 587 541 631 quum
555 585 645 626 venero,
678 571 727 616 liter
738 571 804 632 agite,
816 581 887 617 estote
898 571 973 618 t‘ortes.

178 643 229 684 hunc
239 637 347 684 collectus
357 634 422 680 finnt.
713 639 741 679 14
758 635 841 681 Omnis
862 645 936 682 restra
956 651 1007 682 cum
1035 636 1139 685 chanun

208 699 644 760 3Postqunmautemncccsscroquos·
677 697 737 744 finnt.

180 779 263 822 cunque
275 763 428 824 probaveritis,
440 763 482 809 hos
496 763 581 808 mittam
594 777 644 807 curn
712 765 740 809 15
760 761 842 809 Precor
848 773 921 808 sutem
928 780 975 816 sos
983 763 1067 818 fratres.
1076 763 1140 826 (nris-

180 827 282 888 cpistolis,
299 836 326 872 ut
346 826 460 887 perferant
481 825 644 871 beneficentiam
677 827 705 872 tis
717 825 820 872 familiam
838 827 962 887 Stephanae
973 843 1022 873 esse
1033 829 1140 889 primitius

152 945 156 952 ,
181 899 275 939 sutram
288 889 479 950 Hierosolymam.
678 891 782 944 Achaiae,
794 897 817 935 ct
827 905 875 936 sese
886 891 908 935 in
920 892 1064 936 ministerium
1076 907 1139 938 sono

212 959 228 998 4
245 952 315 1008 Quod
326 954 344 999 si
364 969 400 1000 res
417 951 567 1014 digna-fuerit
583 961 607 998 ut
623 961 646 998 et
678 955 706 999 tis
717 954 826 1000 addixisse
834 952 854 1012 ς)

182 1021 227 1080 ipse
234 1017 367 1080 proficiscor,
375 1031 463 1062 mecum
472 1016 644 1078 proficiscentur.
713 1021 742 1063 16
762 1017 794 1062 Ut
805 1025 828 1062 ct
842 1033 883 1063 vus
900 1018 1041 1078 subjiciemini
1053 1018 1139 1074 talibus,

213 1085 229 1128 5
246 1080 343 1127 Veniam
364 1089 438 1127 sutem
459 1081 488 1127 sd
508 1095 556 1134 vos,
576 1096 644 1142 quum
676 1089 700 1126 et
711 1082 812 1126 omnihus
828 1096 917 1141 opernm
929 1097 991 1126 susm
1007 1081 1139 1128 conserenti·

184 1144 338 1192 unedonnm
355 1145 464 1191 transiero
476 1144 645 1207 (hiscedoniun
677 1146 718 1190 hus
729 1152 751 1190 et
762 1144 915 1190 lshnrnntihus.

184 1209 241 1256 ssim
251 1207 408 1270 pertrsnsiho).
713 1211 741 1254 17
760 1208 853 1254 Gaudeo
865 1205 918 1254 verti
934 1207 961 1254 dc
977 1209 1074 1256 adventu
1091 1208 1139 1256 Sto·

215 1277 230 1319 6
246 1273 315 1333 Apud
323 1287 364 1318 vos
374 1279 448 1318 cutem
459 1269 551 1318 forsitan
558 1286 645 1334 pessos·
678 1273 770 1334 phanee,
777 1281 799 1317 et
806 1270 929 1324 Fortunati,
937 1277 959 1318 et
967 1272 1074 1328 Achaici3
1085 1289 1140 1333 quo·

185 1337 246 1390 nobo,
257 1337 372 1382 autetiam
383 1337 514 1382 hihemnho:
528 1343 602 1382 utros
611 1351 647 1382 mc
679 1337 737 1382 niem
749 1337 869 1382 absentiam
886 1344 981 1382 vestram
992 1337 1015 1382 hi
1026 1337 1141 1400 suppleve-

184 1400 344 1462 prosequemini
355 1415 487 1460 quocunque
495 1399 627 1461 proficiscor.
680 1407 738 1445 runt.

216 1466 230 1511 7
243 1463 304 1510 Nolo
312 1464 418 1510 enimvos
425 1478 484 1509 nunc
492 1463 515 1508 in
521 1473 647 1510 transcursu
714 1467 743 1508 18
755 1462 890 1510 Refecerunt
896 1479 954 1510 emm
962 1465 1061 1526 spiritum
1068 1480 1141 1512 mcum

186 1527 272 1573 sidere:
291 1527 331 1573 scd
345 1541 410 1588 spero
428 1527 533 1587 temporis
549 1527 647 1587 aliquan·
680 1541 705 1573 sc
727 1537 832 1574 vestrum.
866 1529 990 1590 Agnoscite
1012 1529 1084 1590 itaque
1104 1530 1142 1590 qui
1176 1537 1184 1546 “

185 1599 231 1637 tum
243 1605 370 1636 mansurum
385 1606 422 1638 me
436 1591 494 1652 opud
504 1605 552 1644 vos,
565 1592 582 1636 si
596 1589 646 1636 Do·
680 1599 731 1636 sunt
742 1593 874 1652 hujusmodi.

185 1655 397 1716 minuspersniserit.
512 1676 515 1682 ¹
714 1659 743 1702 19
760 1656 862 1702 sunum
878 1671 919 1702 sos
940 1656 1046 1702 ccclesiae
1068 1656 1142 1703 Acisc-

216 1723 231 1764 8
249 1719 387 1764 Permanebo
398 1725 472 1765 sutem
483 1715 567 1779 Ephesi
579 1733 648 1778 usquc
681 1718 781 1765 Salutem
792 1735 833 1765 sos
844 1721 866 1764 in
884 1719 985 1765 Domino
1001 1717 1095 1764 multirm
1107 1721 1141 1766 A·

186 1783 212 1828 ui
224 1771 379 1829 Pentecosten.
680 1783 739 1842 quiln
749 1790 771 1828 ct
789 1781 895 1836 Priscilla,
912 1797 962 1828 cum
979 1781 1072 1828 ecclesii
1087 1798 1143 1843 quac

217 1851 233 1894 9
249 1846 310 1892 Nnm
328 1847 410 1892 ostium
430 1846 483 1891 mihi
501 1853 599 1906 opertum
615 1853 649 1890 cst
680 1858 715 1891 ess
725 1846 784 1890 domi
796 1847 901 1906 ipsorum.

186 1925 291 1972 magnum
300 1917 323 1956 et
329 1910 415 1963 efficax,
421 1917 444 1956 ot
451 1909 568 1955 adversarii
577 1909 648 1955 multi.
713 1913 745 1954 20
762 1909 863 1954 Salutem
872 1924 912 1955 sos
918 1907 996 1954 iratres
1005 1923 1089 1954 omnes.
1102 1909 1141 1956 Ss-

219 1979 249 2020 10
266 1972 334 2028 Quod
345 1975 363 2019 si
372 1973 604 2027 venerit'limothcus
615 1973 648 2018 vi·
681 1972 750 2018 lutnte
760 1973 795 2019 nlii
806 1973 862 2018 ulios
873 1972 948 2018 osculo
960 1980 1043 2018 sancto.

186 2039 235 2085 dete
246 2045 271 2084 ut
282 2035 330 2084 tuto
341 2039 370 2083 sit
377 2038 436 2099 apud
447 2053 504 2083 vos:
523 2053 578 2098 opus
589 2037 649 2083 enim
714 2040 741 2082 21
762 2037 868 2084 Salutatio
880 2051 947 2082 manu
958 2035 1007 2082 met
1020 2035 1091 2082 Pauli.

188 2102 280 2148 Domini
292 2113 401 2164 operatur,
413 2109 469 2148 utet
479 2117 530 2162 ego.
714 2105 745 2146 22
762 2101 835 2162 Siquis
842 2117 887 2148 non
898 2110 957 2148 amnt
969 2099 1093 2146 Dominum
1103 2099 1143 2150 Jo-

220 2170 246 2212 11
266 2165 353 2227 Nequis
367 2167 436 2227 igitur
446 2166 513 2211 istum
524 2181 564 2226 pro
581 2165 649 2211 nihilo
682 2180 730 2210 sum
743 2164 864 2218 Christum,
873 2176 921 2211 esto
930 2166 1045 2211 anathemo
1056 2179 1143 2210 marsn-

187 2230 279 2286 habent;
301 2230 341 2276 sed
356 2230 513 2291 prosequimini
530 2245 581 2275 eum
598 2245 649 2274 cum
682 2231 739 2275 otha.
905 2236 911 2240 “

187 2294 465 2356 paceutseniutsdmez
478 2293 650 2355 exspectoenim
714 2297 746 2338 23
766 2291 845 2338 Gratis
867 2291 961 2338 Domini
983 2291 1039 2338 Jesn
1062 2289 1143 2338 Christi

187 2374 298 2404 eumcum
309 2357 420 2404 frutribus.
681 2358 710 2402 sit
723 2356 842 2402 vobiscum.

220 2426 250 2467 12
267 2419 339 2468 Porro
347 2422 375 2467 de
384 2420 467 2482 Apollo
475 2420 548 2475 fratre,
556 2418 651 2466 multum
716 2424 747 2465 24
765 2417 867 2466 Charitas
873 2433 923 2463 mes
931 2433 982 2464 cum
994 2418 1095 2463 omnihus
1104 2433 1144 2463 vo·

188 2493 287 2544 precatus
297 2501 347 2531 sum
358 2500 410 2531 eum
422 2493 447 2530 ut
458 2485 499 2530 iret
509 2485 536 2530 ed
548 2500 589 2531 vos
600 2501 651 2530 cum
683 2485 716 2530 bis
727 2485 749 2529 in
762 2481 853 2530 Christo
863 2482 926 2529 Jesu.
961 2484 1043 2528 Amen.

188 2549 303 2596 fratribus:
323 2549 363 2595 sed
374 2549 465 2594 omnino
474 2563 518 2594 non
529 2548 602 2594 fuitei
609 2564 650 2594 vo·
684 2548 721 2593 Ad
731 2546 859 2596 Corinthios
866 2547 927 2608 prior
932 2547 1000 2592 missa
1010 2546 1052 2592 fuit
1060 2544 1144 2608 Philip·

188 2613 324 2660 luntesnunc
331 2613 408 2658 cundi!
418 2620 651 2667 ventumsestnutem,
716 2613 749 2673 pis
760 2627 799 2672 per
811 2611 951 2672 Stephanum,
959 2621 982 2657 et
992 2610 1144 2666 Fortunatus.

188 2691 255 2738 quum
264 2686 352 2740 tempus
361 2683 510 2738 opportunum
518 2676 624 2723 hahuerit.
696 2673 1076 2732 11111111ιί1111,11’1“11101111111.

260 3064 263 3070 .
342 3019 577 3080 EPISTOLA
596 3018 741 3080 PAULI
760 3019 997 3078 APOSTOLI

388 3123 448 3180 AD
469 3120 724 3180 CORINTHIOS
744 3119 949 3179 SECUNDA.

366 3239 440 3290 CAP.
464 3239 485 3288 Ῑ.
685 3239 778 3287 Domini
791 3241 860 3286 nostri
869 3239 924 3288 Jesu
934 3238 1024 3295 Christi,
1026 3247 1096 3353 &ig
1109 3257 1146 3291 sn·

193 3302 653 3431 1111111111
685 3303 1017 3364 22
1098 3321 1147 3354 0⁰2·

192 3435 255 3482 &eus
273 3435 348 3486 frater,
364 3434 470 3480 ecciesiae
487 3431 532 3478 Dei
549 3432 605 3492 quine
620 3439 654 3478 est
718 3436 734 3476 4
752 3431 877 3478 Consolsns
888 3448 929 3478 nos
940 3433 963 3478 in
974 3432 1035 3478 omni
1047 3432 1148 3481 sfflictro·

192 3495 302 3549 Corinthi,
321 3493 364 3542 uni
386 3512 437 3543 cum
456 3497 537 3542 sanctis
553 3496 655 3542 omnibus
686 3511 715 3542 ne
725 3494 807 3548 nostri,
819 3505 844 3542 ut
854 3498 964 3556 possimus
970 3495 1147 3556 positosinosi·

192 3564 230 3624 qui
240 3568 293 3606 sunt
303 3561 326 3605 in
337 3558 384 3606 toti
396 3558 496 3606 Achnih:
686 3560 720 3604 vis
731 3559 849 3605 afflictione
860 3559 976 3614 consolari,
991 3557 1018 3606 ei
1034 3557 1080 3621 ipsi
1093 3577 1148 3608 con·

224 3624 375 3671 2Gratiasis
393 3626 461 3677 vohis,
478 3630 501 3670 et
517 3636 591 3683 pam-a
604 3621 653 3667 Deo
688 3622 795 3668 solutione
818 3620 862 3683 qui
883 3638 925 3671 nos
946 3625 1005 3686 ipsos
1022 3626 1147 3672 ccnsohtn:

194 3699 254 3752 μη
262 3695 346 3740 nostro,
354 3696 376 3734 ct
384 3687 485 3734 Domino
491 3685 546 3734 Jesu
557 3685 655 3733 Christo.
675 3685 760 3732 'Deus

224 3755 241 3796 3
258 3749 392 3800 Benedictus
408 3761 453 3800 esto
469 3749 534 3796 Deus
547 3765 573 3797 sc
589 3749 656 3796 Peter
720 3754 735 3796 5
753 3748 812 3796 Nom
828 3749 886 3797 ucut
901 3750 1011 3800 onnon
1028 3767 1147 3814 perpenna

422 3818 466 3862 sol
