2734 4314
611 351 728 412 nucu.
751 353 800 432 m

257 477 286 518 41
308 473 371 520 {burt
383 469 436 518 verri
447 477 549 533 parentes
559 471 607 532 ejus
623 475 689 532 quot·
754 471 769 513 2
787 466 833 514 Sub
842 467 983 529 pontificibus
999 470 1101 516 maximis
1117 473 1180 519 Auru

227 540 288 586 currus
309 535 491 597 Hierosolymam
510 535 533 581 in
552 534 610 582 sesto
634 533 690 580 Pas·
722 537 744 578 et
763 529 867 593 Caiapba,
883 531 967 580 sactum
983 539 1018 580 est
1028 534 1120 580 verbum
1132 533 1181 581 Du·

226 603 287 649 chae,
721 595 775 643 utini
786 596 814 641 ad
825 595 936 644 Joannem
949 597 1067 644 Zachariae
1077 597 1146 644 tilium
1164 600 1182 645 ir

257 669 289 710 42
307 664 383 718 Quum
395 663 463 724 igitur
473 661 545 708 lactus
553 668 612 708 esset
620 677 691 707 anno-
721 659 816 706 deserto.
1179 671 1183 680 ·

226 745 275 774 nrm
294 728 417 781 duodecim,
437 726 521 787 ipsique
542 727 693 772 ascendissent
754 727 771 768 3
788 722 961 784 Venitigiturin
971 740 1060 771 omnem
1073 727 1185 786 regionem

227 792 409 852 Hierosolymam
426 787 546 836 secundtlm
563 805 648 836 morem
665 790 691 834 il·
723 786 914 850 circumjacentem
942 788 1035 836 Jordani
1060 791 1186 850 praedicam

228 858 270 902 lius
282 856 339 910 fests,
723 851 856 912 baptismum
876 852 1038 914 resipiscentiae
1060 855 1087 900 ad
1109 856 1185 901 remis·

258 925 290 966 43
307 919 339 966 Et
348 918 562 980 quumperegissent
570 917 628 964 illius
637 917 691 972 dies,
724 914 809 961 sionem
820 926 976 976 peccatorum:
1025 925 1027 930 '

228 985 385 1031 revertentibus
397 983 455 1045 ipsis,
468 983 573 1028 remansit
584 998 638 1043 puer
649 981 690 1029 Je·
756 982 772 1024 4
790 978 824 1026 Ut
835 979 940 1041 scriptum
951 988 986 1027 est
997 981 1019 1028 in
1030 981 1085 1028 libro
1102 998 1186 1029 sermo·

228 1064 264 1095 tus
274 1047 454 1108 Hierosolymis3
471 1053 493 1092 et
501 1048 542 1093 doc
550 1046 643 1093 nescivit
650 1044 691 1093 Jo·
724 1058 778 1089 num
790 1043 870 1090 Esaiae
880 1045 1006 1106 prophetae,
1018 1045 1117 1102 dicentis,
1135 1046 1187 1093 Vox

229 1114 314 1174 tcpbus,
326 1127 368 1158 nec
379 1118 450 1158 mater
460 1113 514 1172 ejus
724 1107 839 1154 clamantis
859 1108 882 1154 in
904 1109 998 1164 deserto,
1028 1108 1108 1156 Parate
1130 1111 1187 1156 viam

260 1181 292 1222 44
310 1175 471 1222 Existimantes
487 1181 561 1220 autem
578 1189 628 1220 eum
644 1189 694 1220 esse
726 1169 827 1226 Domini,
838 1173 977 1233 complanato
988 1174 1077 1220 semitas
1087 1175 1142 1236 ejus.

175 1281 180 1293 ,
229 1240 250 1287 iu
268 1241 382 1293 comitatu,
398 1239 472 1285 ierunt
487 1239 546 1284 viam
563 1241 633 1284 artius
644 1237 693 1291 diei,
757 1239 772 1282 5
790 1233 870 1282 Omnis
881 1237 944 1282 vallis
954 1237 1085 1299 implebitur,
1102 1246 1125 1284 et
1138 1254 1187 1284 om·

228 1313 251 1350 at
262 1305 400 1364 requirebant
410 1319 461 1349 eum
473 1303 530 1348 inter
546 1309 654 1363 cognatos
671 1307 694 1348 et
725 1299 759 1344 nis
781 1313 846 1345 mons
864 1307 887 1347 et
908 1300 971 1346 collis
992 1301 1141 1362 deprimetur:
1167 1309 1188 1349 et

228 1375 285 1414 mter
295 1374 368 1413 notos.
500 1367 504 1400 -³
724 1378 780 1424 quae
799 1379 868 1411 curva
886 1372 938 1410 sunt
956 1364 1010 1412 flent
1028 1367 1066 1412 uio
1085 1373 1150 1422 recta,
1167 1374 1188 1414 et

259 1435 291 1478 45
309 1431 341 1477 Et
352 1445 419 1491 quum
430 1445 481 1475 eum
493 1443 538 1474 non
549 1427 693 1484 lnvenisseut,
724 1441 815 1488 asperas
826 1429 941 1492 viaefient
951 1429 1036 1490 planae.

228 1495 310 1542 reversi
322 1502 374 1540 sunt
383 1493 572 1554 Hierosolymam,
584 1508 693 1554 quaeren-
727 1496 773 1600 Do
791 1489 922 1554 l'idebitque
939 1493 1011 1539 omnis
1027 1509 1078 1540 caro
1096 1493 1188 1540 salutern

230 1567 262 1604 tes
273 1574 332 1604 eum.
752 1569 779 1601 et.

260 1626 291 1668 46
309 1622 341 1668 Et
356 1620 439 1667 lactum
456 1627 496 1674 est,
514 1621 586 1667 triduo
602 1617 652 1682 pdst
669 1631 695 1667 ut
757 1621 772 1667 7
790 1618 885 1668 Dicebat
895 1621 964 1682 igitur
972 1623 1050 1668 turbae
1060 1623 1157 1668 venienti
1167 1630 1188 1667 ut

236 1687 353 1732 nvenirent
368 1701 419 1732 eum
435 1686 458 1730 in
475 1685 564 1747 templo,
580 1686 692 1732 sedentem
725 1683 875 1744 baptizaretur
885 1686 912 1731 ab
922 1685 977 1746 ipso,
993 1684 1116 1748 Progenies
1128 1687 1189 1748 vipe-

229 1752 250 1795 m
262 1751 335 1796 medio
345 1749 467 1800 doctorum.
479 1755 502 1795 et
512 1749 637 1796 audientem
648 1765 693 1804 eos,
727 1763 806 1802 rarum,
824 1749 872 1810 quis
887 1745 1071 1810 praemonstravit
1087 1751 1149 1798 uobis
1166 1757 1189 1796 ut

229 1823 252 1860 et
261 1830 300 1860 eos
311 1815 493 1875 interrogantem.
725 1811 832 1873 fugeretis
843 1828 857 1858 a
866 1809 940 1860 futuri
950 1810 1002 1859 irai?

262 1882 292 1926 47
320 1877 498 1924 Percellebantur
515 1890 592 1930 autom
615 1893 694 1925 omnes
759 1875 938 1938 8Ferteigitur
952 1876 1038 1924 fructus
1054 1878 1189 1924 convenien-

228 1943 265 2002 qui
277 1959 327 1988 eum
343 1943 465 1994 audiebant,
483 1958 549 2003 super
565 1942 692 2004 intelligen-
727 1946 760 1985 tes
772 1940 945 2002 resipiscentiae:
964 1948 987 1988 et
996 1957 1024 1987 ne
1032 1942 1147 2004 coeperitis
1156 1943 1190 1988 di-

229 2005 258 2052 ut
269 2015 292 2052 et
303 2007 413 2067 responsis
425 2008 479 2067 ejus.
726 2019 776 2050 cere
784 2005 842 2064 apud
853 2020 894 2051 vos
905 2005 971 2066 ipsos,
985 2005 1075 2052 Patrem
1086 2007 1190 2052 babemus

260 2075 291 2115 48
309 2069 341 2116 Et
352 2086 379 2115 eo
390 2070 439 2116 viso
450 2069 501 2114 sacti
511 2069 598 2115 fuerant
605 2085 693 2129 paren·
727 2067 890 2114 Abrabarnum:
910 2069 960 2116 dico
971 2070 1029 2116 enim
1041 2071 1110 2124 vobis,
1126 2086 1190 2132 posse

239 2149 262 2180 ea
273 2133 321 2194 ejus
331 2133 434 2179 attoniti:
454 2133 637 2179 etdixitadeum
645 2149 694 2180 ma·
728 2129 803 2177 Deum
826 2133 891 2178 etiam
914 2149 943 2180 ex
964 2133 1069 2195 lapidibus
1085 2134 1133 2180 istis
1149 2149 1189 2181 ex·

230 2205 265 2243 ter
275 2198 349 2258 ipsius,
363 2196 413 2251 Fili,
430 2213 469 2242 cur
480 2197 509 2242 ita
526 2196 596 2243 iecisti
608 2197 695 2243 nohis?
727 2195 794 2241 citare
805 2196 884 2242 liberos
896 2197 1030 2244 Abrahamo.

228 2277 287 2315 ecce,
299 2268 361 2322 pater
372 2269 423 2308 tuus
434 2269 457 2307 et
468 2277 511 2323 ego
526 2262 585 2308 anxii
602 2277 694 2322 quaere-
760 2265 775 2307 9
790 2260 842 2308 Jam
855 2259 907 2306 verri
918 2262 983 2308 etiam
996 2263 1078 2308 securis
1089 2263 1116 2308 ad
1133 2263 1190 2308 radi-

229 2326 306 2372 bamus
317 2334 345 2372 te.
727 2339 775 2370 cem
789 2326 890 2371 arborum
902 2329 974 2386 posita
983 2333 1033 2372 est:
1053 2327 1125 2372 omnis
1136 2343 1190 2388 ergo

260 2395 292 2437 49
309 2389 375 2436 Tunc
394 2389 449 2436 dixit
468 2389 495 2435 ad
514 2405 559 2444 eos,
583 2389 644 2442 Quid
662 2396 696 2436 est
726 2389 846 2434 arburnon
858 2389 931 2436 ferens
944 2390 1039 2436 fructum
1051 2391 1133 2436 bonum
1149 2406 1190 2437 ex·

229 2451 288 2514 quaid
298 2455 434 2514 quaerebatis
445 2453 501 2500 mei
517 2470 549 2500 un
566 2454 695 2499 nesciebatis
727 2452 811 2506 ciditur‚
824 2454 879 2499 etin
891 2454 967 2514 ignem
978 2455 1083 2515 abjicitur.

229 2526 330 2578 oportere
347 2533 383 2564 me
399 2518 421 2563 in
438 2517 465 2564 iis
481 2533 530 2563 esse
545 2533 601 2577 quae
622 2516 695 2563 Patris
762 2520 791 2562 10
808 2516 839 2562 Et
850 2517 994 2579 interrogavit
1005 2534 1056 2564 eum
1070 2520 1139 2572 turba,
1156 2519 1190 2564 di-

229 2583 272 2626 mei
284 2581 355 2626 sunt?
726 2594 785 2634 cens,
799 2580 859 2633 Quid
870 2581 937 2642 igitur
947 2581 1072 2628 iaciemus?

261 2651 293 2690 50
311 2645 356 2690 Sed
365 2644 406 2704 ipsr
417 2659 463 2690 nou
474 2643 630 2690 intellexerunt
643 2660 694 2689 uer·
762 2648 787 2688 11
809 2645 955 2706 Respondeas
976 2654 1050 2692 autern
1072 2646 1127 2692 dixit
1150 2646 1190 2702 eis,

228 2708 261 2761 ba,
273 2723 329 2769 quae
339 2707 392 2768 ipsis
402 2706 474 2752 luerat
483 2706 594 2767 loquutus
728 2707 774 2760 Qui
783 2709 847 2754 babet
856 2710 909 2754 duas
921 2711 1012 2764 tunicas,
1024 2711 1134 2772 impertiat
1144 2726 1189 2756 non

261 2774 289 2818 51
310 2770 433 2816 Descendit
443 2779 516 2816 autem
533 2785 585 2816 cum
602 2771 634 2816 eis
651 2787 689 2817 ve-
727 2772 830 2828 habenti3
848 2775 917 2834 etqui
930 2775 1073 2829 lrabetescas,
1091 2775 1190 2821 similiter

229 2835 305 2894 nitque
317 2833 476 2888 Nazaretbam,
493 2845 516 2880 et
532 2841 579 2881 erat
595 2835 627 2880 eis
640 2837 692 2881 sub·
725 2834 797 2881 sacrat.

230 2905 318 2958 juonis:
350 2906 373 2946 et
389 2905 460 2944 mater
481 2900 529 2958 ejus
550 2900 695 2946 conservabat
760 2903 789 2944 12
807 2900 924 2948 Venerunt
932 2909 1004 2948 autem
1013 2909 1036 2948 et
1044 2901 1152 2963 publicani
1165 2913 1188 2948 ut

232 2967 296 3008 aruba
307 2965 360 3008 baec
372 2963 447 3009 omnia
456 2962 479 3008 in
491 2963 557 3008 corde
568 2978 615 3009 suo.
724 2963 905 3024 baptiza-entur3
930 2972 953 3012 et
969 2966 1072 3012 dixerunt
1087 2967 1114 3021 ei,
1136 2965 1189 3012 Ma·

263 3032 293 3074 52
310 3026 376 3075 Jesus
386 3023 439 3073 verd
450 3026 576 3089 proficiebat
589 3025 695 3088 sapientia
725 3027 800 3089 gister,
812 3029 864 3088 quid
875 3027 1003 3076 iaciemus?

230 3102 252 3138 et
266 3089 355 3146 staturi,
373 3107 398 3138 ac
414 3089 486 3153 grstia
502 3092 560 3153 apud
578 3089 654 3138 Deum
672 3099 695 3138 et
761 3096 790 3137 13
808 3091 859 3170 Ipse
869 3089 924 3139 verd
934 3095 990 3140 dixit
1005 3095 1044 3148 eis,
1063 3094 1125 3139 Nihil
1142 3109 1189 3140 am·

230 3157 338 3202 hommes
629 3207 633 3216 1
726 3153 783 3217 plitls
793 3172 859 3216 quam
870 3158 930 3218 quod
940 3159 1085 3204 constitutum
1097 3166 1131 3204 est
1148 3174 1189 3204 vc·

725 3220 858 3282 bisexigite.

390 3282 464 3346 cult
486 3282 533 3329 ΙΙΙ.
760 3288 790 3329 14
807 3281 978 3347 Interrogtirunt
996 3297 1069 3332 autem
1091 3301 1142 3333 eum
1164 3301 1191 3333 s·

296 3345 454 3394 NNOautem
471 3347 633 3406 decimoquinto
651 3347 692 3393 im·
726 3349 778 3394 tiam
795 3349 882 3404 milites,
904 3350 1008 3404 dicentes,
1029 3350 1062 3396 Et
1081 3365 1122 3396 nos
1138 3347 1190 3412 quid

240 3442 251 3464 0
321 3410 468 3472 perii'liberii
485 3409 593 3464 Caesaris,
612 3409 694 3458 Pontio
725 3411 849 3458 iaciemus?
888 3413 921 3461 Et
942 3414 973 3460 ait
996 3414 1034 3468 eis,
1069 3413 1190 3460 Neminem

233 3473 303 3518 Pilato
315 3483 447 3534 procurante
457 3473 571 3538 Judaeum,
584 3474 693 3522 tetrarcha
726 3477 843 3530 concutite
876 3492 948 3538 neque
973 3477 1025 3524 dolo
1058 3477 1190 3538 opprimite;

232 3536 343 3583 Galilaeae
353 3536 452 3596 Herode,
466 3533 567 3598 Pfitttppo
576 3550 649 3584 autem
659 3540 692 3600 ip·
726 3547 749 3585 et
773 3541 871 3586 contenti
899 3549 970 3589 estote
997 3543 1109 3603 stipendiis
1139 3557 1189 3588 ves-

233 3599 275 3644 tius
285 3599 353 3646 fratre
363 3600 472 3648 tetrarchi
484 3601 585 3648 ituraeae
595 3612 617 3649 et
634 3602 692 3649 Tra·
726 3605 772 3649 tris.

231 3662 346 3709 thonitidis
358 3666 460 3738 regionis.
472 3675 494 3712 et
508 3663 604 3724 Lysaniri
618 3667 691 3713 Abile-
761 3669 789 3714 15
807 3666 947 3729 Expectante
968 3679 1041 3716 autem
1059 3669 1148 3731 populo,
1167 3677 1187 3715 et

232 3737 271 3770 nes
283 3728 396 3779 tetrarcha.
726 3732 874 3793 cogitantibus
885 3733 986 3780 omuibus
997 3733 1019 3778 in
1031 3733 1132 3780 cordibus
1144 3735 1186 3778 cuir

466 3795 497 3835 66
