2720 4312
425 435 446 476 1.
465 429 514 476 ΑΙ)
536 427 763 486 TlMOTHEUM,
787 429 817 478 V.

147 529 263 578 oesdaesnt
285 533 380 594 quidam
403 548 419 580 ι
436 533 487 588 tide,
510 533 621 594 spiritibus
650 533 1106 597 enimdfeoerisetteipsrmserssblns

145 593 296 655 deceptoribus
313 601 425 645 animum
437 599 583 652 attendentes,
595 613 621 644 se
650 600 734 659 eosqui
746 606 768 646 te
776 598 892 646 audierint.

145 657 247 706 doctrinis
258 662 454 718 daemoniorum
550 657 561 696 i

175 723 253 770 2Per
281 727 418 788 hypocrisin
446 726 620 786 falsiloquorum,
821 725 896 775 CAP.
919 725 950 775 V·

144 801 235 846 quorum
255 792 400 838 conscientia
418 792 517 838 centorio
537 800 621 838 resecta
654 789 859 908 SENIOREM
880 807 909 838 ne
932 792 1052 854 increpato.
1078 791 1115 839 sed

145 859 193 906 est3
725 856 814 902 hortere
825 862 850 902 ut
860 864 962 918 patretur
974 857 1082 918 juniores,
1091 863 1114 902 ut

177 915 387 965 3Prohrbentium
414 919 546 966 contrahere
572 915 620 966 urs·⁴
650 918 745 974 fratrem

146 978 412 1044 tinsonnmjubeminm
418 984 528 1030 abstinere
537 997 550 1028 s
559 983 619 1038 cibis,
683 986 699 1029 2
711 983 821 1030 Mulieres
829 983 1024 1044 nstugrnndiores,
1034 992 1059 1032 ut
1067 998 1111 1030 mn·

146 1057 199 1091 *rues
211 1044 280 1092 Deus
298 1048 386 1093 creavit
402 1048 431 1093 nd
446 1047 621 1108 participandum
650 1053 711 1104 tres;
724 1048 833 1110 juniores,
844 1055 870 1092 nt
880 1061 975 1101 sorores,
991 1047 1115 1096 cumomni

148 1118 194 1154 tum
204 1110 335 1170 graduum
347 1111 435 1158 actione
446 1111 552 1166 fidelibus,
561 1119 584 1157 et
594 1112 621 1158 iis
651 1111 759 1158 castitate.

149 1171 492 1234 pioognoveruntverttatem.
683 1174 802 1222 ³Viduss
813 1174 965 1235 honoraquae
977 1170 1030 1222 uere
1038 1174 1116 1224 viduv.

99 1283 100 1290 ,
176 1239 192 1282 4
208 1236 273 1284 Nam
284 1240 393 1300 quicquid
403 1240 488 1286 creavit
500 1237 620 1294 Deusbo-
651 1246 710 1285 sunt.

148 1311 199 1345 tum
215 1311 266 1358 est,·
284 1319 330 1350 nec
345 1305 464 1364 quicquum
479 1305 621 1366 rejiciendum
682 1308 700 1349 4
716 1299 784 1358 Qudd
796 1302 858 1364 rique
868 1302 935 1350 vidus
943 1303 1022 1350 liberos
1030 1308 1120 1349 sucosa

146 1371 184 1418 est,
195 1365 214 1410 si
225 1382 280 1413 cum
291 1369 418 1430 gratiarum
437 1369 525 1415 actione
544 1384 620 1415 suurn·
649 1375 713 1429 potes
724 1369 795 1423 habet,
810 1367 896 1414 discant
914 1365 1011 1429 pridssis
1030 1369 1120 1430 propri*

147 1432 198 1476 turs
650 1447 686 1478 nm
698 1432 789 1479 domum
799 1432 903 1493 pienum
915 1447 1025 1488 exercere,
1042 1439 1065 1479 et
1081 1433 1116 1478 vi·

177 1494 372 1544 SSanctiticntur
391 1495 450 1544 euim
470 1513 509 1559 per
528 1497 621 1544 verbum
651 1511 699 1543 cem
711 1497 985 1559 rependerepsreotibns5
1002 1497 1045 1544 boc
1056 1497 1115 1543 euim

148 1553 192 1604 Dei
203 1567 227 1606 et
237 1577 327 1623 preces.
649 1563 967 1624 esthonestumetscceptum
974 1559 1116 1610 corunDen·

178 1622 300 1672 6Hocsi
318 1625 437 1688 subjeceris
453 1625 562 1679 iratribus,
579 1626 620 1672 bo·
683 1628 699 1673 5
717 1623 790 1672 Porrd
808 1641 865 1687 quae
884 1622 937 1672 verri
955 1627 1022 1674 vidus
1038 1632 1116 1672 estse

148 1697 188 1734 uus
200 1690 246 1736 eris
256 1691 360 1737 minister
369 1688 427 1737 Jesu
445 1687 536 1745 Christi,
554 1690 620 1736 imru·
651 1690 706 1744 solu,
718 1691 825 1752 operatio
842 1689 902 1744 Deo,
920 1698 943 1736 et
960 1696 1076 1751 permenot
1093 1689 1116 1736 in

148 1751 213 1798 tritus
224 1754 248 1800 iu
261 1754 402 1802 sermonibus
413 1753 470 1809 fidei,
482 1761 505 1801 et
521 1754 620 1816 praecls·
652 1755 846 1816 supplicationibus
857 1762 880 1799 et
891 1754 991 1815 prcuibus
1007 1763 1074 1799 nocte
1090 1767 1116 1800 st

150 1826 185 1860 tae
200 1817 323 1873 doctrinae,
335 1833 402 1880 quem
413 1818 529 1866 affectatus
540 1833 572 1864 es.
650 1819 693 1864 die.

181 1882 196 1926 7
215 1880 338 1930 Caeterum
349 1883 454 1944 profanas
465 1890 488 1930 et
500 1883 570 1930 aniles
586 1882 620 1930 ss·
682 1887 698 1930 6
715 1881 748 1928 At
756 1896 812 1942 quse
823 1879 914 1933 lascivit.
926 1895 953 1926 eo
965 1878 1044 1926 vivens
1054 1893 1115 1928 mor·

150 1939 212 1990 bulas
229 1949 296 2010 rejice
302 1965 310 2006 ;
328 1947 369 1994 sed
384 1946 576 2010 exerce'teipsum
593 1948 621 1994 sd
650 1953 689 1994 tue
699 1958 740 1992 est.

151 2007 263 2066 pietatem.
683 2015 697 2059 7
717 2009 783 2057 Haec
795 2009 863 2071 igitur
874 2007 1014 2062 denunciato,
1031 2015 1056 2054 ut
1072 2006 1116 2055 sint

185 2077 200 2118 8
218 2074 280 2122 Nam
299 2075 421 2138 corporalis
441 2076 572 2123 exercitatio
593 2076 621 2124 sd
650 2075 822 2138 irreprehensae.

152 2149 221 2195 pauco
232 2141 291 2187 utilis
302 2149 354 2187 est:
373 2147 397 2186 st
413 2140 483 2202 pietus
499 2142 526 2187 nd
545 2142 621 2188 omnin
682 2144 697 2185 8
715 2136 784 2194 Quid
795 2138 863 2199 siquis
874 2137 926 2193 suis,
938 2144 961 2184 et
969 2131 1066 2184 mnximd
1074 2136 1115 2184 do-

153 2201 212 2250 utilis
220 2214 261 2260 est,
267 2213 293 2251 ut
299 2220 358 2265 quse
363 2205 534 2266 promissionem
542 2205 621 2252 hubent
650 2205 753 2258 mesticis,
765 2218 810 2249 non
822 2202 930 2264 providet,
941 2201 1007 2248 fidem
1018 2203 1115 2263 nlrnegs·

154 2265 211 2314 vitae
219 2270 341 2330 praesentis
352 2283 378 2314 ac
389 2268 484 2316 futurae.
649 2269 689 2322 vit,
700 2276 722 2315 et
733 2274 768 2315 est
778 2265 860 2313 infideli
870 2266 973 2312 deterior.

185 2336 201 2378 9
218 2332 300 2382 Certus
310 2341 343 2380 est
355 2332 391 2383 bic
402 2347 483 2387 sermo,
499 2339 523 2380 et
539 2333 620 2395 dignus
683 2338 697 2380 9
715 2331 790 2378 Vidua
800 2330 909 2390 allegatur
925 2344 969 2374 non
986 2328 1059 2374 minor
1075 2341 1115 2375 su·

154 2394 190 2452 qui
202 2399 303 2444 omuibus
315 2397 388 2443 modis
400 2397 523 2458 recipiatur,
650 2397 685 2442 nis
696 2394 818 2457 sexaginte,
834 2408 891 2454 quae
906 2392 973 2440 tuerit
992 2393 1057 2439 unius
1074 2393 1115 2438 viri

188 2463 218 2508 10
234 2461 295 2508 Nam
307 2461 391 2508 idcireo
409 2461 476 2508 etism
493 2462 619 2524 fatigemur,
650 2476 723 2507 uxore

154 2529 177 2568 et
203 2527 287 2586 probris
314 2525 431 2579 efficimur,
459 2522 517 2586 qudd
545 2541 620 2588 spere·
684 2529 714 2571 10
731 2521 759 2570 In
771 2521 873 2582 operibus
882 2520 946 2568 bonis
957 2521 1037 2567 idoneo
1054 2520 1115 2567 testi·

156 2599 206 2634 urus
216 2590 237 2636 in
248 2590 301 2636 Deo
311 2591 371 2644 vivo,
383 2591 420 2650 qui
433 2596 467 2635 cst
477 2601 621 2636 conservator
650 2590 727 2635 monio
749 2596 843 2643 omntn3
867 2586 884 2632 si
907 2585 986 2632 liberos
1007 2585 1115 2640 educavit,

155 2655 250 2701 omnium
259 2655 383 2708 hominum,
395 2650 492 2700 uroximi
503 2652 554 2702 verb
565 2655 620 2701 iide-
650 2655 668 2699 si
679 2655 722 2700 suit
733 2651 852 2712 hospitalis,
870 2651 888 2696 si
905 2657 1031 2698 sanctorum
1049 2651 1116 2712 pedes

156 2712 212 2765 lium.
408 2759 412 2762 .
570 2742 572 2750 v
650 2718 710 2774 levit,
723 2718 741 2764 si
752 2716 839 2764 stilletis
851 2715 959 2770 subvenit,
971 2717 989 2762 si
998 2715 1114 2762 omnebo-

188 2787 212 2830 ll
233 2783 299 2831 Haec
310 2783 421 2830 denuncio
431 2791 454 2830 et
464 2782 526 2830 doce.
650 2797 704 2829 num
716 2797 772 2844 opus
782 2789 816 2828 est
827 2777 914 2827 assidue*
926 2788 1015 2828 sectata.

188 2851 215 2894 12
233 2849 310 2896 Nemo
322 2857 383 2895 tuam
391 2849 533 2909 juventutem
547 2847 620 2908 despi-
686 2851 711 2894 11
732 2843 805 2893 Porrb
818 2846 920 2906 juniores
936 2845 1014 2892 viduas
1032 2843 1113 2904 rejice·¹

155 2911 201 2968 sint,
224 2914 262 2960 sed
279 2921 329 2959 esto
348 2912 462 2972 exemplnr
478 2911 576 2958 fidelium
598 2913 621 2958 in
651 2919 767 2972 postquam
789 2911 849 2955 enim
871 2907 1013 2955 lascivierunt
1036 2908 1115 2952 sdver-

155 2988 260 3032 sermone,
278 2978 301 3023 in
313 2977 490 3029 conversatione,
507 2976 529 3022 in
548 2976 620 3022 chari·
650 2973 688 3022 sris
701 2973 822 3026 Christum,
835 2972 917 3016 nubere
927 2971 1019 3025 volunt;

155 3045 203 3094 tete,
215 3041 237 3087 in
249 3042 335 3102 spiritu,
348 3039 427 3094 infide,
440 3039 462 3085 ln
474 3041 581 3086 castitate.
685 3043 715 3085 12
732 3035 886 3086 Damnnudae,
904 3030 963 3092 qudd
979 3034 1072 3094 primun
1088 3031 1115 3079 ti·

187 3109 216 3152 13
233 3103 336 3158 Interim,
359 3104 412 3149 dum
435 3105 507 3158 venio,
532 3104 621 3150 attende
651 3104 702 3150 dem
714 3098 836 3162 rejecerint.

157 3171 256 3216 inimum
274 3168 372 3220 lechum,
392 3168 548 3223 exhortationi,
566 3169 620 3214 doc·
686 3171 715 3214 13
733 3161 804 3211 Simul
815 3158 964 3207 antemetiam
976 3159 1060 3205 otiosae
1071 3175 1116 3208 erse

157 3234 231 3280 ulnae,
407 3235 409 3238 '
650 3232 744 3282 discunt,
767 3226 929 3277 circumeuntes
949 3224 1044 3269 domos:
1071 3221 1116 3272 iurd

187 3301 217 3344 14
234 3295 273 3343 Ne
291 3295 401 3356 negligito
418 3294 501 3340 donum
519 3295 579 3356 quod
598 3296 620 3342 ln
651 3311 697 3342 non
708 3288 780 3340 soldm
792 3289 881 3341 otiosae,
891 3287 1002 3334 sedetiam
1012 3301 1115 3348 nugaces

155 3365 175 3408 le
190 3369 231 3416 est,
244 3359 306 3421 quod
317 3360 394 3406 datum
409 3359 492 3404 esttibi
511 3375 551 3420 per
568 3374 621 3420 pro·
650 3367 674 3406 et
685 3357 791 3408 curiosae,
799 3353 922 3415 garrientes
931 3363 987 3412 quae
995 3365 1041 3398 uon
1050 3368 1115 3416 opor-

155 3425 257 3477 thetinnr,
280 3438 333 3470 curn
356 3422 497 3483 impositione
515 3437 621 3471 munuum
652 3429 691 3469 tet.
886 3455 887 3458 η

154 3475 294 3553 peesbsterii.
686 3488 717 3530 14
733 3481 809 3528 Velim
825 3479 894 3542 igitur
907 3479 1010 3541 juniores
1027 3481 1116 3534 nubere.

151 3561 154 3572 “
188 3557 217 3600 15
235 3549 581 3606 Haecmeditareinhisestm
597 3555 624 3597 ut
653 3549 733 3596 liberos
743 3546 844 3606 gignere,
856 3544 946 3590 domum
957 3542 1115 3600 administrum¹

155 3631 206 3664 suus
227 3615 342 3678 profectus
365 3613 494 3660 manifestus
516 3614 545 3660 sit
565 3615 624 3662 iuter
652 3611 736 3659 nullum
758 3608 897 3654 occasionem
916 3607 969 3652 dore
991 3608 1116 3660 edversario

156 3693 240 3726 osona.
653 3671 874 3722 ndmnledicendum.

189 3745 219 3788 16
245 3738 347 3787 Attende
374 3741 478 3786 animum
501 3740 578 3802 t‘biipsi
601 3747 625 3786 et
688 3739 718 3783 15
734 3733 786 3782 Jnur
806 3735 865 3782 enim
884 3733 1004 3784 nonnullus
1021 3738 1113 3788 deflens

158 3806 287 3857 muse:
309 3811 331 3849 et
350 3817 454 3862 perinane
473 3803 495 3848 iu
515 3805 577 3850 istis:
601 3804 624 3850 id
654 3800 950 3907 ruutsoquutselsptnnam·
