2734 4314
544 380 695 440 MARCUS,
716 383 763 436 Vl.

165 494 194 532 ea
204 483 310 564 propbeta
324 485 487 538 inhonoratus,
498 485 540 531 nisi
553 485 576 531 in
592 501 632 547 pa·
667 486 722 533 Non
732 487 784 536 lieet
799 489 836 536 tibi
853 491 932 538 babere
949 505 1042 539 mosem
1055 494 1134 546 ircim

164 546 202 596 trit
220 565 265 604 sua,
280 557 304 596 et
320 549 380 596 iuter
397 557 518 612 cognatos,
535 556 558 597 et
573 551 632 596 domi
667 553 706 598 tui.

164 627 220 660 auae.
429 665 431 670 ¹
702 619 731 663 19
747 613 861 663 Herodis·
874 623 947 664 autem
965 618 1092 666 imminebat
1102 636 1130 674 er.

195 680 209 724 5
227 675 307 736 Neque
321 677 396 736 potnit
412 675 459 721 illic
477 676 582 722 virtutem
598 677 632 722 ul·
666 685 689 724 et
705 681 805 741 cupiebat
820 697 872 726 eum
889 683 1015 740 trucidare,
1032 700 1073 730 nec
1090 701 1128 746 pc-

164 739 206 786 lam
217 740 288 794 edere,
300 741 343 785 nisi
354 739 417 800 quid
428 755 497 800 quum
509 743 584 801 paucis
595 757 632 787 ae·
667 751 737 788 terat:

165 805 234 866 grotis
243 805 387 864 imposuisset
396 819 484 856 manus,
494 805 580 851 sanavit
590 819 632 852 eos.
699 811 730 852 20
748 806 852 854 Herodes
863 809 922 855 enim
938 812 1049 858 metuebat
1059 811 1119 860 Joan

196 873 211 915 6
229 868 400 929 Mirabaturque
413 875 504 928 propter
515 869 632 914 inereduli·
666 885 724 923 nem,
737 886 809 917 sciens
817 888 868 919 eum
877 888 923 920 etse
931 875 1003 920 virum
1010 877 1096 938 justum
1105 891 1129 924 as

165 939 232 979 ‘aem
248 947 343 979 eorum:
369 940 393 978 et
409 932 516 978 circuibat
533 933 594 978 vicos
609 934 631 978 in
666 941 774 988 sanctum,
785 941 809 982 et
819 937 948 983 observabat
962 953 1028 994 eum;
1045 941 1126 986 audito

170 1011 248 1058 noem,
259 996 350 1042 docens.
666 1013 753 1058 queen,
765 999 836 1046 multa
845 1000 944 1055 faciebat,
952 1010 975 1047 et
981 1002 1073 1049 libenter
1080 1019 1131 1050 eum

199 1065 213 1107 7
231 1059 322 1120 ffTunc
339 1059 458 1106 advocavit
474 1054 590 1106 duodecim
605 1059 631 1105 rl-
666 1062 774 1108 audiebat

170 1139 206 1172 ns.
218 1125 335 1184 coepitque
346 1139 386 1169 eos
396 1124 486 1170 mittere
496 1125 560 1170 binos
569 1141 576 1180 ;
594 1124 633 1169 de-
699 1129 729 1170 21
749 1125 826 1178 Quum
845 1125 914 1187 igitur
931 1126 978 1173 dies
996 1137 1133 1190 opportunus

174 1188 242 1248 iitque
252 1188 284 1233 eis
300 1195 433 1248 potestatem
450 1187 558 1234 adversus
569 1189 634 1250 spiri·
667 1189 760 1244 adesset,
773 1205 817 1250 quo
829 1197 928 1251 tempore
941 1191 1045 1238 Herodes
1056 1195 1078 1239 iu
1093 1209 1132 1240 na·

169 1262 203 1297 tus
214 1252 328 1312 impuros:
511 1303 513 1308 ¹
667 1253 742 1299 talitiis
754 1255 799 1298 suis
807 1269 899 1300 coenem
908 1255 1000 1302 faciebat
1008 1259 1133 1317 proceribus

200 1319 215 1361 b
232 1316 265 1362 Et
276 1315 387 1376 praecepit
402 1316 441 1370 eis,
453 1322 478 1362 ut
494 1316 548 1362 nihil
560 1331 634 1362 sume·
668 1317 720 1371 suis,
732 1333 758 1364 ae
768 1318 897 1374 chiliarchis,
909 1325 932 1365 et
947 1321 1056 1381 primariis
1069 1323 1132 1368 Gali·

168 1389 218 1426 rent
226 1381 252 1425 ad
264 1381 312 1435 iter,
322 1381 363 1426 nisi
373 1381 460 1442 virgam
469 1378 572 1437 tantilm3
589 1395 635 1426 non
667 1381 742 1428 laeaes

170 1460 249 1506 perenn,
261 1459 307 1489 non
318 1459 405 1505 panem,
419 1459 465 1490 non
475 1445 546 1490 aesia
558 1442 633 1490 zonis:
700 1449 732 1490 22
749 1445 782 1492 Et
792 1445 905 1492 introisset
916 1446 961 1494 iilia
974 1448 1042 1510 ipsius
1055 1449 1132 1496 Hero·

201 1514 216 1556 9
239 1508 284 1554 Sea
303 1515 329 1554 ut
348 1509 499 1555 calcearentur
518 1508 635 1566 sandaliis3
668 1508 897 1564 diadisacsaltiisset,
908 1512 1069 1574 placuissetque
1082 1514 1132 1560 lle·

167 1581 191 1620 et
201 1587 230 1618 ne
241 1572 385 1617 induerentur
396 1572 453 1618 binis
464 1572 552 1618 tunicis.
668 1574 715 1620 rodi
731 1581 754 1620 et
769 1575 835 1620 simul
851 1577 1035 1630 accumbentibus,
1053 1593 1092 1624 rex
1103 1579 1133 1625 ait

203 1641 233 1682 10
250 1637 283 1682 Et
294 1637 380 1682 dicebat
396 1636 435 1690 eis,
455 1635 587 1697 Ubicunque
601 1635 635 1680 in·
667 1638 759 1698 puellae,
778 1637 834 1684 Pete
850 1653 912 1685 ame
928 1642 1075 1702 quodcunque
1093 1659 1132 1688 vo·

169 1701 274 1746 troieritis
285 1699 383 1754 domum,
395 1700 439 1746 illic
450 1708 544 1754 manete,
554 1715 635 1760 usque·
668 1702 741 1756 lucris,
753 1709 776 1748 et
786 1702 841 1748 dabo
853 1703 898 1749 tibi.

169 1766 222 1810 dum
233 1765 318 1810 exeatis
330 1764 397 1810 illinc.
701 1770 733 1810 25
748 1765 880 1826 duravitque
899 1767 926 1820 ei,
948 1767 1103 1828 Quodcunque
1121 1785 1133 1815 ι

204 1833 232 1874 11
251 1828 285 1874 Et
302 1829 429 1888 quicunque
448 1842 492 1874 non
510 1827 637 1889 exceperint
669 1845 705 1875 me
715 1831 804 1890 petieris
815 1830 871 1874 dabo
888 1831 932 1884 tibi,
950 1846 1019 1891 usquc
1030 1833 1058 1876 ad
1069 1833 1133 1878 dimi·

171 1909 218 1948 ros,
236 1907 308 1953 neque
324 1893 433 1938 audierint
450 1907 497 1946 vos,
508 1893 591 1954 egressi
609 1892 636 1937 il·
669 1894 730 1939 dium
742 1894 805 1954 regni
817 1893 868 1938 mei.

171 1958 215 2003 linc
225 1956 323 2003 excutite
332 1957 448 2018 pulverem
457 1956 493 2016 qui
505 1956 587 2002 suberit
596 1971 636 2016 pe-
703 1960 735 2002 24
750 1957 785 2002 At
795 1957 928 2018 illaegressa
936 1957 991 2002 dixit
1000 1958 1063 2004 matri
1076 1974 1134 2013 suae,

169 2022 233 2066 dibus
243 2021 330 2074 vestris,
348 2028 373 2066 ut
389 2021 432 2066 hoc
444 2020 472 2065 sit
486 2019 637 2066 testimonium
671 2021 733 2075 Quid
743 2021 836 2082 petam?
854 2019 897 2068 Illa
912 2019 965 2068 verd
982 2022 1043 2076 dixit,
1062 2021 1134 2086 Caput

170 2082 277 2131 adverada
288 2101 334 2130 eos.
369 2085 446 2130 Amen
460 2083 508 2130 dico
519 2085 588 2137 vobis,
601 2091 636 2130 to-
669 2085 764 2134 Joannis
776 2085 897 2146 Baptistae.

170 2149 281 2196 lerabilior
301 2149 343 2194 erit
367 2149 515 2195 Sodomorum
537 2149 637 2193 conditio
703 2153 733 2196 25
751 2152 833 2197 Puella
845 2150 914 2211 igitur
929 2165 979 2196 cum
995 2150 1135 2198 festinatione

171 2221 209 2259 aut
217 2213 396 2259 Gomorrha-um
404 2213 428 2258 ln
437 2212 471 2258 die
477 2212 561 2274 judicii,
571 2209 636 2273 quam
670 2215 744 2260 statim
764 2214 791 2260 ad
809 2229 884 2274 regem
900 2214 1008 2274 ingressa,
1025 2217 1050 2260 id
1066 2217 1135 2276 petiit,

171 2277 230 2322 urbis
241 2277 307 2322 illius.
670 2279 752 2331 dicens,
765 2276 839 2322 Velim
856 2283 882 2323 ut
892 2279 940 2337 jem
957 2292 1016 2322 nunc
1033 2279 1071 2323 des
1082 2280 1136 2324 milri

206 2345 236 2387 12
256 2339 348 2401 Egressi
370 2339 441 2400 igitur
459 2340 495 2386 illi
515 2339 637 2401 proclama·
670 2341 693 2387 in
705 2337 780 2400 patina
790 2346 856 2400 caput
866 2338 961 2387 Joannis
973 2340 1095 2400 Baptistae.

172 2407 224 2452 baut
235 2411 260 2451 ut
271 2405 425 2466 resipiscerent
435 2405 542 2450 borsines.
643 2437 646 2444 .
704 2408 735 2450 26
747 2403 805 2450 rRex
815 2409 889 2449 autem
901 2403 964 2448 valde
975 2405 1044 2449 tristis
1055 2403 1134 2462 iactus3

206 2473 237 2514 15
254 2469 286 2514 Et
301 2468 417 2514 daemonia
433 2467 502 2514 multa
517 2467 637 2528 ejiciebant,
670 2469 743 2516 noluit
763 2476 848 2521 tamen,
870 2474 960 2528 propter
981 2468 1136 2528 jusjurandum

174 2533 328 2594 ungebantque
340 2533 389 2578 oleo
400 2531 483 2578 multos
493 2540 604 2594 aegrotos,
616 2538 639 2577 et
670 2539 693 2579 et
709 2548 748 2578 eos
764 2531 802 2592 qui
819 2531 885 2578 simul
903 2533 1067 2586 accumbebant,
1087 2547 1135 2580 eam

174 2598 280 2643 sanabant
289 2612 332 2643 eos.
670 2597 789 2658 aspernari.

209 2665 239 2706 14
256 2659 377 2722 {Audipit
386 2667 459 2705 autem
468 2661 524 2706 baec
535 2673 575 2706 rex
586 2659 638 2705 He-
705 2665 736 2708 27
753 2660 786 2707 Et
805 2660 878 2707 statim
895 2675 941 2715 rex,
958 2661 1026 2708 misso
1042 2661 1136 2723 spicula·

174 2725 252 2781 rodoe3
271 2723 366 2786 (clarum
377 2725 437 2770 enim
448 2724 530 2770 factum
539 2731 586 2769 erat
597 2739 638 2768 no-
672 2731 726 2780 tore,
738 2725 854 2787 imperavit
865 2733 889 2772 ut
905 2725 1020 2773 afferretur
1036 2735 1101 2788 caput
1112 2743 1136 2773 e·

175 2804 226 2835 men
248 2786 322 2850 ejus3)
348 2789 452 2848 dixitque,
475 2787 581 2842 Joannes,
603 2788 640 2834 ille
672 2791 719 2852 jus.

176 2854 212 2914 qui
222 2853 354 2913 baptizabat,
366 2853 483 2898 suscitatus
493 2858 528 2897 est
539 2867 568 2897 ex
578 2867 639 2896 mor·
705 2858 735 2900 28
761 2851 803 2900 llle
825 2851 878 2900 verb
899 2854 956 2908 alsiit,
974 2869 1000 2900 ac
1021 2854 1138 2900 decollavit

177 2927 224 2962 biis.
236 2924 259 2963 et
269 2924 387 2978 propterea
396 2916 489 2961 virtutes
496 2923 566 2976 agunt
574 2916 596 2960 in
605 2931 639 2961 eo.
672 2933 723 2964 eum
734 2918 757 2963 in
769 2933 872 2974 carcere;
890 2919 1006 2978 attulitque
1017 2926 1082 2978 caput
1091 2920 1138 2978 eJus

210 2984 238 3027 15
256 2981 301 3027 Alii
316 2981 423 3032 dicebant,
442 2979 504 3025 Elias
520 2986 560 3024 est.
594 2977 642 3026 Alii
673 2982 694 3027 iu
714 2980 795 3042 patini,
814 2967 836 3027 ei
855 2982 915 3027 dedit
933 2982 987 3027 illud
1006 2983 1098 3041 puellae,
1116 2991 1139 3027 et
1228 2999 1230 3004 ·

180 3042 229 3091 γετὸ
240 3036 347 3098 dicebant,
362 3042 474 3106 Propheta
484 3051 524 3098 est,
536 3044 572 3090 vel
583 3059 641 3090 unus
674 3046 746 3106 puella
757 3046 816 3090 dedit
827 3045 880 3089 illud
890 3045 955 3090 matri
966 3059 1025 3089 suae.

181 3123 202 3155 aa
214 3109 327 3171 prophetis
337 3108 388 3154 illis.
707 3112 738 3154 29
756 3109 877 3167 Quumque
887 3109 929 3152 boc
945 3107 1056 3152 audissent
1073 3107 1137 3152 discr-

211 3177 239 3220 16
257 3171 335 3226 Quum
346 3172 477 3233 igiturbuec
485 3171 580 3218 audisset
591 3171 641 3216 He·
674 3172 720 3234 puli
732 3172 785 3232 ejus,
798 3176 913 3222 venerunt,
924 3176 948 3214 et
958 3169 1094 3214 sustulerunt
1101 3187 1140 3217 ca·

178 3237 246 3290 rodes,
258 3237 295 3290 ait,
308 3235 356 3282 Iste
367 3243 401 3282 est
411 3234 511 3282 loannes
521 3251 587 3295 quem
599 3251 643 3296 ego
676 3237 743 3281 daver
762 3237 816 3297 ejus,
836 3239 858 3278 et
877 3240 999 3294 posuerunt
1017 3234 1039 3278 ir
1059 3249 1141 3280 monu-

182 3301 298 3348 lecollavi:
318 3300 366 3362 ipse
377 3300 494 3346 suscitatus
501 3307 571 3346 estex
582 3315 642 3344 mor·
676 3307 758 3346 mento.
824 3311 826 3334 =

186 3365 227 3412 uis.
307 3361 310 3366 ’
708 3368 740 3410 50
757 3367 772 3424 q
788 3360 867 3410 Coacti
889 3367 940 3408 sunt
956 3367 1030 3408 autem
1047 3368 1139 3422 apostoli

211 3431 239 3476 17
258 3426 381 3490 lpsecnim
394 3427 504 3478 Herodes,
516 3427 589 3473 missis
605 3441 643 3472 ta·
676 3427 704 3474 ad
715 3427 800 3480 Jesum,
816 3433 839 3472 et
849 3428 1039 3473 annunciaverunt
1054 3425 1074 3471 ei
1091 3441 1140 3472 om·
1166 3437 1170 3442 ·

180 3493 291 3545 tcllitibua,
313 3492 460 3554 prehenderat
481 3490 599 3544 Joannem,
622 3497 645 3535 et
677 3492 720 3545 nia,
732 3501 755 3538 et
765 3507 821 3553 quae
832 3497 931 3552 egerant,
948 3496 971 3535 et
987 3503 1043 3549 quae
1063 3496 1141 3537 docue-

182 3558 278 3602 diruerat
289 3571 342 3602 eum
354 3571 448 3608 carcere,
464 3562 555 3616 propter
567 3553 659 3599 Hero·
678 3565 734 3603 rant„
1176 3608 1181 3616 ἱ
1223 3553 1228 3560 ’

84 3629 91 3640 ’
183 3620 263 3667 diadem
281 3635 375 3666 uxtrsem
395 3618 489 3680 Philippi
505 3619 580 3666 fratris
595 3617 645 3674 sui3
710 3624 737 3665 51
759 3619 792 3666 Et
800 3617 855 3664 dixit
863 3617 901 3671 eis,
911 3615 1041 3664 Veniteros
1050 3633 1141 3665 seorsim

183 3685 230 3744 quia
241 3685 335 3730 duxerat
346 3697 395 3728 eam
406 3696 505 3728 uxorem.
678 3682 702 3729 in
724 3684 834 3729 desertum
856 3681 936 3736 locum,
964 3691 987 3728 et
1014 3683 1142 3743 requiescite

215 3751 242 3791 iti
262 3748 357 3795 Dicebat
369 3747 428 3792 enim
437 3744 539 3844 {paones
552 3743 637 3790 Herodi
679 3746 815 3802 paullulum:
835 3747 967 3846 erantssenim
979 3746 1041 3792 inulti
1052 3747 1134 3792 venien·

455 3813 469 3841 o
