2756 4320
613 406 780 462 AC'MX

221 509 253 558 hil
270 509 399 558 audoueus
417 510 554 572 proficiscere
570 528 621 558 cum
635 513 681 569 eisr
713 512 776 565 narii,
793 512 851 572 apud
868 527 941 558 mare:
965 514 1010 574 qui,
1027 529 1095 574 quum
1107 517 1170 562 edre·

222 589 273 620 nam
285 591 328 636 ego
339 591 377 622 eos
388 577 445 622 misi.
713 576 776 628 uerit,
788 575 889 635 loquetur
900 577 946 622 tibi.

254 642 282 682 21
302 637 448 685 Descendens
458 655 513 700 ergo
523 637 603 684 Petrus
610 639 638 684 ad
646 639 680 685 vi·
744 643 777 684 53
794 639 880 685 Eodem
892 640 957 700 igitur
970 649 1079 687 momento
1091 642 1140 688 misi
1148 643 1174 688 ad

222 715 258 746 ros
271 701 367 761 iilosqui
379 703 489 763 adipsum
500 703 560 748 missi
571 702 658 748 fuerant
668 719 683 750 a
712 709 735 747 te
743 719 753 767 z¹
773 711 797 748 et
813 710 837 747 tu
853 704 909 748 bene
922 703 992 750 fecisti
1004 705 1041 764 qui
1052 705 1174 752 adveneris.

224 761 334 816 Cornelio.
342 765 403 818 dixit,
412 766 479 819 Ecce,
485 782 529 826 ego
535 768 555 811 ir
561 781 610 812 sum
616 781 682 826 quern
714 765 782 811 Nunc
793 781 848 826 ergo
864 781 941 813 onmes
958 782 999 813 nos
1015 769 1038 814 in
1054 781 1174 829 conspectu

221 829 340 887 qnaeritis:
375 844 431 889 quae
452 845 518 876 causa
538 836 573 876 est
593 842 683 891 propter
714 828 1172 892 Deiadsumus,utaudiamusomniaqrw

223 906 286 951 quam
298 892 400 938 adestis?
713 893 750 938 tibi
762 904 878 954 praecepta
888 907 940 940 sunt
950 908 964 940 s
975 893 1035 940 Deo.

254 959 285 999 22
303 954 349 1016 Ipsi
366 952 420 1001 verd
437 956 546 1010 dixerunt,
565 955 683 1004 Comeiius
745 961 778 1002 34
796 955 876 1002 Petrus
884 965 964 1011 autern,
974 973 1013 1004 orc
1020 966 1103 1019 aperto,
1113 959 1169 1004 dixit

222 1020 328 1072 centurio,
345 1019 379 1066 vir
387 1021 462 1080 justus
473 1026 496 1065 et
506 1020 587 1066 timens
598 1020 681 1075 Deum,
714 1016 776 1066 Vere
791 1021 930 1081 deprehendo
948 1020 1024 1067 Deum
1042 1033 1087 1068 uon
1105 1025 1169 1085 rcspi

222 1090 244 1127 et
263 1091 354 1128 ornatus
375 1084 501 1130 testimonio
520 1085 588 1130 totius
609 1085 683 1146 gentis
713 1084 945 1144 cereadpersonmn:
1196 1084 1210 1112 ⁸

224 1145 367 1201 Judaeorum,
385 1145 490 1193 divinitds
507 1148 632 1194 admonitus
648 1156 683 1194 est
745 1150 777 1194 ³5
794 1147 839 1194 Sed
849 1149 872 1193 in
883 1146 960 1207 quivis
976 1155 1044 1208 gente
1060 1159 1174 1210 accepturu

223 1211 250 1256 ab
268 1205 451 1271 srgoo'sancto
473 1217 497 1256 ut
518 1219 639 1258 accerseret
661 1221 683 1258 te
713 1210 798 1256 eiesse
812 1211 913 1270 quemvis
931 1211 968 1271 qui
986 1227 1036 1257 eum
1055 1213 1137 1268 timeat,
1155 1220 1176 1260 et

222 1273 312 1319 domum
324 1289 392 1327 suam,
409 1282 432 1320 et
445 1275 482 1320 abs
494 1281 515 1320 te
526 1276 631 1334 quaedam
642 1291 681 1322 au·
713 1290 801 1334 operam
810 1275 847 1320 det
854 1275 958 1335 justitiae.

222 1335 285 1382 diret.
745 1342 776 1382 36
794 1338 868 1390 Quem
877 1337 1175 1399 sermonemsignifrcavitfi·

254 1404 285 1444 2¹3
303 1397 366 1446 Intrd
378 1409 465 1448 rocetos
476 1401 543 1462 igitur
551 1417 590 1447 eos
598 1403 682 1462 accepit
713 1400 747 1450 liis
760 1399 853 1454 Israelis,
874 1402 1031 1462 evangelizans
1042 1417 1117 1462 pacem
1137 1417 1175 1463 per

221 1464 322 1524 hospitio.
357 1463 466 1511 Postridie
478 1463 530 1510 vcrd
543 1465 622 1511 Petrus
631 1459 682 1511 abiit
712 1462 790 1510 Jesum
801 1463 921 1518 Christum,
933 1466 1009 1525 quiest
1017 1466 1116 1510 omniurn
1124 1465 1176 1512 Do·

222 1542 272 1572 curn
284 1528 322 1582 eis,
338 1537 361 1573 et
372 1529 459 1574 cuidam
471 1543 499 1574 ex
510 1528 611 1576 fratribus
624 1529 681 1590 Jop·
712 1528 792 1574 minus.

221 1591 322 1652 pensibus
333 1592 430 1638 comitati
441 1597 493 1638 sunt
503 1607 561 1637 eum.
743 1595 774 1639 st
793 1591 842 1636 Vos
853 1589 922 1638 aristis
933 1591 992 1652 quod
999 1600 1087 1652 gestum
1104 1601 1137 1638 est
1153 1595 1176 1640 io

253 1659 284 1699 24
301 1655 333 1702 Et
344 1655 416 1700 altero
430 1660 480 1716 post
497 1647 681 1702 die⁰introierunt
712 1651 759 1700 tots
774 1653 866 1707 Judaei,
883 1656 945 1701 initio
963 1655 1023 1702 iacto
1039 1670 1053 1702 a
1070 1655 1176 1712 Gablned
1256 1707 1257 1710 Ἰ

223 1716 360 1765 Caesarem.
389 1714 681 1780 Corneliusautemexspec-
712 1725 763 1778 post
783 1719 889 1780 baptisma
906 1720 965 1780 quod
981 1721 1114 1780 praedicavit
1132 1720 1175 1768 Jo-

220 1783 278 1828 tabat
293 1799 337 1836 cos,
349 1783 476 1830 convocatis
486 1785 588 1845 cognatis
599 1785 643 1830 suis
659 1792 682 1830 et
712 1797 793 1828 urtnes:

221 1847 349 1896 necessariis
358 1847 441 1893 amicis
743 1850 776 1890 58
794 1845 828 1892 Ut
836 1845 914 1892 Jesum
927 1845 1070 1893 Nazarenum
1088 1848 1176 1894 unxerit

253 1913 284 1956 25
304 1909 336 1956 Ut
354 1916 424 1957 autern
449 1909 531 1956 tactum
550 1919 584 1956 est
603 1911 680 1957 utin·
712 1907 777 1955 Deus
790 1910 872 1971 Spiritu
885 1911 966 1974 Sancto
977 1916 1000 1956 et
1016 1909 1120 1971 potentii,
1137 1913 1176 1972 qui

221 1973 403 2028 troiret.Petrus‚
423 1989 539 2020 occurrens
555 1975 574 2020 ei
593 1973 679 2022 Corne-
711 1973 857 2020 obambulavit
887 1973 996 2020 beneficiis
1023 1975 1126 2029 afficiens,
1153 1983 1176 2022 et

221 2037 269 2090 iius,
287 2044 310 2082 et
321 2038 421 2084 occidens
436 2038 517 2100 sdejus
533 2038 606 2098 pedes,
626 2039 679 2084 ado-
711 2051 790 2082 narrans
802 2052 879 2082 onmes
890 2038 929 2082 sub
948 2037 1027 2084 diaboli
1039 2045 1181 2098 potestatem

221 2102 284 2145 revit.
563 2115 566 2122 ·
711 2100 816 2156 redactos,
826 2101 929 2161 quoniam
941 2100 1006 2146 Deus
1016 2109 1063 2146 erat
1070 2117 1120 2147 cum
1132 2118 1167 2149 eo.

253 2167 284 2209 26
302 2161 381 2208 Petrus
390 2176 443 2226 vero
451 2163 521 2210 erexit
529 2179 586 2216 eum,
598 2165 679 2219 dicens,
743 2167 775 2211 59
792 2163 824 2210 Et
840 2179 882 2210 nos
898 2179 974 2210 sumus
991 2172 1059 2211 testes
1074 2167 1174 2212 omnium

221 2226 307 2287 Surge:
326 2234 349 2272 et
359 2243 403 2288 ego
413 2228 460 2288 ipse
470 2229 537 2274 homo
548 2243 604 2274 eum.
711 2242 767 2286 quae
777 2237 800 2274 et
807 2229 829 2274 in
839 2229 930 2288 regione
938 2227 1073 2275 Judaeorum
1082 2238 1105 2274 et
1115 2229 1174 2276 Hie-

252 2295 282 2337 27
300 2290 332 2336 Et
343 2291 470 2352 colloq'ens
480 2307 532 2338 cum
542 2308 576 2345 eo,
593 2293 679 2354 ingres·
711 2292 828 2352 rosolymis
844 2292 910 2348 secit;
932 2304 998 2352 quem·
1017 2293 1175 2338 interemerunt

219 2370 257 2400 sus
267 2362 307 2405 est,
319 2355 445 2416 invenitque
456 2356 538 2402 multos
549 2357 585 2417 qui
597 2371 679 2404 conve-
710 2371 840 2415 suspensum
851 2356 874 2401 in
883 2355 951 2416 ligno.

220 2425 313 2464 nerant:
743 2423 775 2464 40
793 2419 862 2465 Hunc
881 2427 957 2465 actem
978 2418 1042 2465 Deus
1061 2419 1175 2466 suscitavit

252 2487 282 2528 28
300 2482 409 2542 Dixitque
418 2483 456 2537 ⁵is,
469 2481 586 2530 Vos'scitis
592 2483 680 2546 'Judaeo
711 2483 776 2528 tertio
792 2483 833 2538 die,
852 2482 947 2544 fecitque
966 2491 990 2529 ut
1007 2483 1026 2528 is
1043 2484 1175 2544 conspicuus

219 2545 280 2592 nefas
296 2562 345 2591 esse
356 2545 444 2607 propibs
460 2548 580 2608 adjungere
596 2563 625 2602 so,
642 2555 681 2594 aut
710 2545 788 2602 fieret;

219 2609 323 2655 accedere
340 2611 368 2655 ad
385 2610 548 2670 a'r'enigenam:
573 2611 611 2656 sed
626 2611 680 2670 mihi
742 2613 770 2654 41
791 2609 845 2656 Non
864 2609 905 2656 toti
921 2610 1008 2671 populo,
1025 2611 1063 2657 sed
1082 2611 1175 2658 testibus

220 2673 315 2718 ostendit
325 2671 397 2724 Deua
409 2687 513 2732 nequem
525 2674 632 2732 pollutum
644 2675 680 2720 vel
709 2688 765 2732 quos
773 2673 820 2734 ipse
830 2672 890 2734 priris
896 2675 1056 2736 designaverat,
1063 2676 1174 2720 nimirum

219 2735 328 2794 impurum
340 2735 452 2780 hominem
463 2735 565 2782 dicerem.
710 2737 774 2783 nobis
784 2738 821 2797 qui
833 2739 969 2784 comedimus
978 2754 1004 2785 sc
1020 2739 1112 2784 bibimus
1131 2736 1176 2785 und

251 2801 281 2844 29
299 2797 440 2858 Quapropter
458 2799 524 2844 etiam
543 2799 597 2844 nihil
616 2800 678 2846 oblo·
709 2814 802 2855 cumeo,
814 2811 955 2862 posteaquam
968 2803 1174 2850 resurrexittrnor-

219 2870 299 2922 quotus
320 2862 371 2907 veni
389 2861 514 2908 accersitus.
549 2861 678 2918 Percontor‚
709 2864 760 2910 tuis.

218 2925 291 2986 igitur,
303 2940 368 2986 quarn
380 2925 408 2971 ob
418 2941 506 2972 causam
513 2941 550 2972 me
556 2927 677 2974 accersive-
741 2933 773 2972 42
790 2927 907 2974 Mandavit
918 2936 991 2976 sutem
1002 2931 1065 2976 nobis
1073 2936 1098 2976 ut
1108 2947 1173 2992 prae·

155 3037 160 3042 ,
217 2989 282 3036 ritis?
708 2992 904 3054 dicmuspopub,
920 3001 1004 3040 etcum
1024 2994 1176 3042 tesuflcatiom

248 3057 282 3101 50
298 3051 357 3099 Tum
381 3050 498 3102 Cornelius
524 3054 561 3110 ait,
589 3054 679 3103 Nudius
709 3056 928 3102 denunciemuseum
947 3073 996 3103 esse
1015 3059 1052 3118 qui
1070 3058 1174 3106 definitus

217 3126 308 3179 quartus
326 3133 395 3176 usque
412 3118 440 3164 ed
456 3120 513 3166 hanc
529 3120 606 3166 boram
617 3135 677 3166 eram
709 3119 737 3164 sit
748 3135 761 3164 a
774 3119 825 3166 Deo
837 3121 907 3182 judex
918 3121 1020 3166 rivorum
1031 3137 1057 3168 ac
1072 3134 1168 3169 mortuo

216 3183 309 3243 ‘ejunus
326 3189 349 3227 et
359 3179 414 3228 horti
425 3180 484 3228 nont
499 3185 603 3243 precabar
618 3184 678 3230 domi
710 3198 766 3228 rum.

217 3259 295 3302 meee3
316 3252 339 3290 et
354 3260 413 3299 ecce,
430 3246 517 3304 quidam
533 3249 593 3293 stetit
603 3263 678 3294 coram
742 3251 774 3291 45
792 3246 853 3293 Huic
872 3247 937 3292 etiam
957 3263 1035 3294 omnes
1053 3249 1174 3310 prophetoe

220 3321 261 3360 tne,
273 3318 335 3356 veste
346 3306 472 3368 splendidi:
709 3311 858 3356 testimonium
876 3311 935 3364 dunt,
954 3312 1104 3358 remissionem
1121 3329 1174 3374 pee-

245 3375 277 3417 al
304 3371 419 3432 Dixitque,
443 3370 540 3426 Corneli,
562 3374 678 3421 exauditae
709 3385 960 3434 catorumaccepturum
972 3390 1011 3435 per
1027 3390 1108 3422 nornen
1126 3379 1174 3438 ejus

214 3443 267 3480 sunt
279 3451 355 3495 preces
367 3442 423 3487 tuoe,
435 3443 458 3482 et
465 3436 619 3496 elecmosynae
628 3449 678 3484 tuoe
709 3439 808 3496 quemvis
820 3439 856 3496 qni
867 3438 983 3484 crediderit
994 3439 1016 3484 in
1027 3454 1085 3484 eum.

216 3497 377 3544 inmemoriam
394 3507 503 3545 venerunt
519 3500 542 3544 in
559 3511 678 3562 conspectu
741 3504 774 3544 44
790 3501 871 3548 Adhuc
890 3501 994 3561 loquente
1017 3501 1086 3548 Petro
1106 3504 1173 3551 verbs

219 3559 270 3607 ner.
709 3563 756 3616 istaq
767 3564 856 3625 illapsus
872 3573 906 3610 est
926 3565 1020 3626 Spiritus
1040 3566 1135 3612 Sanctus
1149 3567 1172 3612 iu

247 3627 280 3670 32
297 3623 366 3670 Mitte
376 3640 431 3685 ergo
442 3624 537 3687 Joppen‚
553 3633 576 3672 et
590 3641 678 3675 accerse
711 3643 789 3674 omnes
812 3629 849 3688 qui
871 3629 988 3676 audiebant
1008 3630 1068 3676 hunc
1088 3644 1171 3676 sermo·

216 3687 330 3734 simonem
341 3688 378 3747 qui
390 3691 560 3750 cognominatur
576 3690 674 3738 Petrusr
710 3706 768 3737 nem.
808 3731 810 3736 .

216 3751 250 3798 hic
258 3749 381 3796 diversatur
391 3751 414 3797 in
426 3753 514 3856 apqipus
526 3753 623 3800 Simonis
636 3770 675 3801 co·
738 3757 772 3802 45
789 3753 822 3800 Et
832 3752 906 3801 fideles
917 3754 954 3815 qui
965 3764 1032 3802 mor
1040 3770 1065 3802 er
1079 3755 1168 3802 em
