2756 4320
517 396 630 453 nuca,
654 397 743 473 xmv

189 503 353 571 olleoordatae
373 512 426 552 sunt
448 505 521 567 igitur
538 505 618 552 verbo·
683 509 715 552 22
739 505 783 552 Sed
799 513 822 554 et
838 507 941 554 mulieres
959 507 1066 568 quaedam
1082 517 1108 554 a

162 581 203 615 rum
213 567 274 622 illios,
650 571 713 616 nobis
724 570 864 631 perculerunt
881 587 929 626 uos,
940 587 997 632 quae
1013 569 1108 617 diluculo

189 637 202 678 9
216 631 247 678 Et
262 647 367 680 reversae
383 649 397 680 a
411 639 562 679 monumento
576 647 617 678 sn·
650 641 757 680 venerunt
769 635 796 680 ad
805 643 990 682 monumentum:

162 696 310 742 nunciaverunt
326 698 385 744 haee
401 697 478 742 omnia
493 697 618 742 illisunde-
683 701 714 742 25
738 697 769 743 Et
785 713 831 744 uon
847 699 939 746 inuento
955 701 1002 760 ejus
1018 711 1110 760 corpore

161 759 203 812 nm,
213 767 234 805 et
244 761 334 822 reliquis
345 762 459 808 omnibus.
522 794 525 796 -
651 768 766 814 venerunt,
783 763 881 809 dieentes
893 779 916 809 se
927 769 993 809 etam
1005 761 1109 824 appariti-

188 823 380 872 lollrantautem
391 823 618 884 MariaMagdalene,
650 839 715 870 onem
731 826 861 886 augelorum
878 827 965 881 vidisse,
981 828 1019 889 qui
1035 826 1109 872 diunt

160 885 494 943 nJoannaetMartaJacobi
505 893 620 941 nsoter-,et
650 903 700 934 eum
711 889 792 936 visere.
1093 887 1097 892 ’

160 951 305 1010 reliquseenm
316 953 381 1016 ipsis,
389 968 446 1013 quae
454 953 510 998 baec
519 951 619 998 dicebant
683 956 716 996 24
731 952 764 999 Et
772 953 872 999 abierunt
882 953 970 1014 quidam
985 968 1062 1000 eorum
1073 967 1110 1013 qu.

161 1016 263 1074 apostolis.
650 1021 714 1062 erant
740 1017 854 1062 nobiscum
881 1016 909 1062 ad
935 1025 1112 1071 monumentum,

190 1082 214 1123 ll
233 1080 277 1126 Sed
291 1081 342 1127 nisa
358 1086 411 1126 sunt
427 1079 487 1142 apud
503 1094 542 1124 eos
557 1077 618 1138 quasi
650 1087 674 1126 et
685 1080 716 1125 ita
726 1079 859 1125 Invenerunt
872 1086 938 1158 prout
948 1079 1051 1126 mulieres
1063 1080 1111 1126 dix·

161 1140 320 1190 deliramentum
333 1146 403 1190 verba
414 1146 530 1206 ipsarum3
548 1158 619 1204 neque
651 1149 732 1198 erant3
749 1141 821 1204 ipsum
834 1159 886 1189 vero
897 1158 943 1190 nou
955 1143 1064 1190 viderunt.

162 1207 293 1255 erediderunt
303 1210 344 1254 eis.
685 1209 716 1253 25
733 1205 793 1252 Tum
808 1207 854 1268 ipse
865 1207 920 1253 dixit
930 1207 968 1262 eis,
982 1206 1113 1254 Oamentea

192 1273 218 1314 12
234 1270 316 1319 Petrus
327 1277 403 1318 autern
416 1284 514 1332 surgens
524 1267 621 1315 cucurrit
651 1275 674 1316 et
686 1269 740 1316 tardi
752 1271 818 1316 corde
829 1271 856 1317 ad
867 1271 1000 1317 eredendum
1012 1272 1113 1317 omnibus

163 1332 376 1383 admonumentum:
390 1334 619 1396 etquumintrospex·
652 1349 708 1395 quae
719 1333 803 1394 loquuti
815 1343 867 1381 sunt
878 1333 1017 1396 prophetae?

163 1395 215 1450 isset,
227 1399 285 1445 ridet
297 1399 367 1446 lintea
382 1398 430 1444 sola
446 1396 497 1444 illic
507 1397 619 1458 jaoentia3
685 1402 715 1444 26
728 1397 811 1445 Nonne
817 1400 871 1445 haec
879 1395 1110 1462 oportuitpancbris·

164 1460 255 1521 obiitque,
284 1465 344 1526 apud
366 1463 511 1524 semetipsum
538 1463 621 1507 mirans
653 1469 707 1516 turn,
719 1469 741 1508 et
752 1463 844 1509 introire
855 1465 877 1509 in
889 1465 983 1526 gloriam
995 1462 1080 1510 suam?

165 1522 246 1571 ‘actum
685 1529 715 1573 27
732 1525 764 1573 Et
774 1539 867 1574 exorsus
877 1543 891 1574 a
903 1529 970 1574 lilose
979 1535 1001 1573 et
1011 1527 1113 1573 omnibus

195 1591 222 1632 15
238 1589 269 1636 Et
279 1607 339 1646 eece,
352 1591 396 1636 duo
407 1589 472 1636 exiis
483 1587 620 1649 ibsuteoip·
654 1591 770 1651 prophetis,
782 1592 965 1652 interpretabatur
976 1591 1050 1638 illisio
1063 1605 1108 1637 om·

166 1652 229 1698 sodie
239 1655 261 1700 iu
273 1657 349 1700 vicum
356 1656 476 1700 distantem
488 1652 562 1698 stadiis
569 1667 620 1698 sex·
653 1653 717 1700 nibus
736 1656 854 1717 scripturis
872 1671 928 1716 quae
943 1656 971 1702 de
989 1671 1013 1702 se
1027 1657 1112 1714 scripm

166 1715 234 1774 aginta
244 1720 270 1764 ab
280 1718 431 1772 Hierusalem,
439 1717 476 1764 cui
484 1717 532 1764 vico
540 1731 620 1762 nomen
652 1727 726 1764 eram.

166 1786 194 1824 est
204 1779 320 1828 Emmaus.
687 1785 718 1826 28
738 1779 951 1843 Appropinqudrunt
972 1782 1040 1842 igitur
1057 1781 1113 1833 vico.

197 1847 223 1889 lt
239 1845 271 1892 Et
281 1847 465 1908 colloquebantur
481 1844 539 1890 inter
554 1859 578 1890 se
594 1843 622 1889 de
654 1843 677 1890 in
688 1859 753 1904 quem
765 1845 973 1906 proficiscebantur;
990 1845 1069 1905 etipse
1084 1845 1114 1890 si·

167 1906 209 1953 istis
219 1912 321 1957 omnibus
331 1927 387 1971 quae
397 1915 526 1956 evenerunt
654 1909 750 1954 mutabat
761 1923 785 1954 se
795 1905 884 1969 longitls
895 1908 934 1956 ire.

198 1975 225 2022 15
241 1971 272 2020 Et
290 1975 424 2028 factumest,
442 1980 467 2018 ut
483 1973 536 2018 dum
552 1970 621 2016 collo-
687 1975 719 2019 29
743 1972 788 2020 Sed
804 1973 851 2032 apri
867 1971 989 2034 adegerunt
1005 1986 1063 2025 euro,
1081 1971 1114 2017 di·

168 2045 287 2094 quereatur‚
296 2049 318 2084 et
326 2054 349 2085 ae
356 2035 435 2084 mutud
443 2037 571 2096 rogitarent,
576 2035 623 2096 ipse
655 2044 736 2091 centes,
747 2036 818 2082 Mane
828 2037 949 2090 nobiseum,
960 2036 1064 2097 quoniam
1075 2036 1114 2082 sd·

168 2097 229 2146 lesus
243 2103 362 2157 accederet,
382 2109 405 2149 et
422 2097 467 2147 und
485 2100 528 2146 iter
542 2098 624 2145 iaceret
655 2101 794 2162 vesperascit,
811 2108 834 2146 et
849 2101 962 2147 inclinavit
978 2101 1032 2146 dies.
1073 2098 1114 2148 lu·

170 2176 214 2208 tum
224 2165 284 2226 ipsis.
654 2179 745 2224 gressus
760 2173 795 2210 ost
816 2165 883 2226 igitur
902 2173 927 2210 ut
949 2171 1048 2212 maneret
1063 2179 1114 2212 eum

200 2231 226 2274 16
242 2229 307 2276 Oculi
315 2237 389 2276 autem
399 2243 476 2274 eorum
485 2227 622 2280 tenebantur,
654 2227 701 2274 eis:

170 2305 195 2336 ne
203 2290 271 2352 ipsum
283 2298 438 2354 agnoscerent
687 2295 721 2336 50
737 2289 769 2336 Et
775 2289 858 2336 tactum
865 2297 899 2336 est
905 2307 972 2350 quum
979 2289 1116 2336 accubuisset

200 2359 226 2402 17
242 2357 309 2403 Dixit
324 2364 399 2404 autern
418 2357 457 2409 eis,
474 2353 519 2408 Qui
535 2360 587 2400 sunt
600 2351 623 2398 hi
656 2354 764 2408 cumeis,
782 2361 870 2414 sumpto
886 2369 949 2414 pane,
966 2355 1083 2408 benedixit,
1094 2360 1117 2400 et

170 2431 276 2468 aesomnes
297 2437 352 2482 quos
373 2418 479 2466 consertis
504 2418 562 2464 inter
583 2431 625 2462 voa
656 2416 750 2463 tractum
762 2417 861 2478 porrexit
871 2418 910 2462 eis.

170 2483 321 2531 ambulantes?
346 2493 370 2530 et
391 2485 448 2544 qaid
469 2483 522 2528 estis
546 2481 624 2528 tetrico
689 2485 717 2526 51
738 2480 908 2542 Adapertisunt
923 2487 998 2528 autern
1008 2480 1110 2526 oculieo

172 2547 246 2593 uultu?
562 2583 565 2586 .
657 2560 713 2600 rum,
733 2551 756 2591 et
773 2551 913 2606 agnoverunt
931 2561 1000 2603 eum3
1017 2546 1056 2592 sed
1071 2545 1116 2608 ipse

201 2614 228 2656 18
250 2612 399 2674 Respondeas
415 2618 488 2656 sutem
505 2609 567 2663 alter,
588 2609 624 2654 eui
657 2610 742 2656 abintus
753 2617 824 2656 estex
834 2625 912 2656 eorum
924 2617 1052 2672 conspectu.

172 2687 246 2722 nornen
266 2675 370 2738 cleopas,
390 2675 445 2720 dixit
462 2675 489 2728 ei,
507 2673 545 2720 Tu
564 2673 625 2718 solus
689 2677 721 2718 52
738 2673 798 2720 Turn
809 2674 864 2720 alter
872 2675 899 2721 ad
907 2675 1000 2721 alterum
1007 2673 1116 2728 dixerunt,

171 2741 307 2786 commoraris
329 2739 508 2798 Hierosolymae,
530 2743 553 2783 et
580 2751 625 2782 uon
658 2736 742 2784 Nonne
753 2754 792 2784 cor
803 2746 903 2785 nostrum
914 2739 1002 2786 ardebat
1014 2739 1035 2786 in
1047 2740 1117 2793 nobis

171 2811 223 2848 nostr
233 2820 289 2865 quae
300 2805 323 2851 in
341 2819 369 2850 ea
384 2802 443 2849 sacta
459 2810 510 2848 sunt
529 2801 563 2847 his
578 2800 624 2846 die-
658 2801 710 2847 durn
727 2801 853 2862 loqueretur
863 2805 926 2850 nobis
937 2805 959 2849 in
977 2801 1019 2858 vii,
1031 2811 1054 2850 et
1065 2804 1117 2850 dum

171 2863 229 2912 bus?
658 2865 778 2926 adaperiret
789 2867 851 2912 uobis
864 2867 1007 2928 Scripturas?

202 2934 230 2978 19
246 2929 298 2994 Ipse
309 2927 363 2977 verd
374 2928 430 2976 dixit
440 2930 478 2983 eis,
491 2927 576 2983 Quae?
593 2928 627 2974 At
690 2933 722 2974 55
739 2929 772 2975 Et
779 2937 896 2989 surgentes
906 2946 933 2975 eo
942 2931 989 2990 ipso
997 2937 1118 2983 momento,

171 2990 198 3039 illi
209 2995 310 3042 dixerunt
320 2996 348 3048 ei,
361 2993 500 3055 Quaesooto
511 3000 564 3039 sunt
571 2991 627 3040 Jesu
660 2993 742 3038 reversi
753 2999 804 3038 suut
817 2992 1006 3051 Hierosolymam,
1017 3001 1040 3037 et
1056 2994 1118 3038 inve·

171 3053 294 3113 Nasamon,
312 3059 350 3119 qui
365 3057 408 3103 fuit
424 3058 530 3118 propheta
548 3064 627 3116 potens
659 3063 741 3102 nerunt
751 3063 900 3114 congregatos
912 3055 960 3099 iilos
971 3055 1081 3110 undecim,
1097 3063 1118 3102 et

171 3121 348 3184 teipsdetverbis
356 3136 431 3168 coram
440 3119 493 3167 Deo
501 3127 627 3181 ettotopo·
660 3134 699 3166 eos
710 3119 746 3177 qui
757 3132 808 3163 curn
818 3117 870 3176 ipsis
879 3123 958 3163 erant:
1160 3159 1162 3164 ,

172 3185 236 3245 pulos
691 3185 724 3228 54
741 3183 774 3228 Et
785 3180 822 3240 qui
834 3180 940 3234 dicebant,
952 3179 1074 3227 Suscitatus
1087 3195 1118 3228 es·

201 3254 231 3296 20
242 3249 363 3304 Quomodo
368 3265 418 3296 eurn
426 3248 562 3295 tradiderunt
567 3247 628 3308 prin·
662 3244 777 3293 Dominus
788 3239 847 3299 vere,
859 3250 882 3290 et
892 3251 1023 3306 conspectus
1038 3254 1073 3292 est
1084 3247 1107 3293 St

170 3311 227 3374 cipes
237 3315 376 3361 saoerdotum
387 3321 411 3359 et
420 3313 564 3374 magistratus
576 3326 628 3356 ηοε-
661 3311 729 3357 moni.

171 3377 203 3432 tri,
215 3384 238 3425 ut
248 3385 320 3423 morte
327 3377 474 3432 damnaretur,
482 3374 629 3422 etcrucitixe·
693 3377 726 3422 55
742 3371 802 3420 Tum
814 3371 854 3433 ipsi
866 3379 1015 3433 exposuerunt
1026 3374 1118 3435 eisquas

174 3449 223 3488 runt
232 3456 291 3488 eum.
660 3446 724 3498 gesta
736 3445 802 3484 eram
814 3438 835 3482 in
853 3433 895 3489 vid,
912 3443 935 3481 et
950 3443 976 3482 ut
993 3436 1063 3484 fuerat
1075 3454 1087 3486 a
1099 3453 1118 3486 st

201 3508 228 3552 21
248 3503 299 3550 Nos
318 3510 391 3550 autem
410 3502 551 3563 sperabamus
568 3500 630 3547 illum
663 3503 752 3562 agnitus
763 3502 785 3544 in
795 3500 904 3546 tructione
914 3500 984 3560 panis.

171 3581 217 3615 esse
227 3568 265 3630 qui
277 3567 431 3630 redempturus
441 3573 501 3612 esset
512 3563 630 3612 lsraelem:
694 3569 727 3611 56
744 3563 828 3622 {Haeo
837 3571 910 3608 autern
917 3563 970 3624 ipsis
978 3566 1118 3626 loquentibus

172 3635 229 3692 atqui
248 3639 335 3692 praeter
356 3631 410 3676 isaeo
434 3629 515 3682 omnia,
540 3628 630 3674 tertium
664 3629 726 3674 stetit
743 3627 789 3686 ipse
805 3625 872 3672 Jesus
883 3625 905 3670 in
917 3627 989 3674 medio
1005 3645 1089 3686 eorum,
1101 3641 1123 3680 et

118 3747 124 3761 Ι
173 3709 228 3742 nunc
247 3695 305 3741 diem
324 3695 371 3756 ogit
388 3693 454 3739 hodie
470 3707 499 3738 ex
516 3705 560 3752 quo
577 3703 632 3740 naec
665 3691 720 3738 dixit
729 3691 768 3742 eis,
781 3687 829 3734 Pas
841 3689 909 3736 vobis.

175 3757 228 3806 ‘asta
237 3765 296 3804 sunt.
378 3821 421 3866 m
695 3758 727 3802 57
746 3752 896 3818 comosum
910 3752 962 3802 verd
983 3769 1004 3804 et
1026 3773 1120 3823 expave-
