2720 4312
446 386 468 428 2.
487 381 536 428 AD
549 379 770 438 CORINTHIOS,
791 381 866 430 x11t

168 494 206 534 sn
217 488 317 544 vestrm
335 489 433 541 etiamsl.
445 485 540 550 amplirls
551 503 592 534 voa
607 488 642 534 dl·
707 490 724 533 4
740 487 801 535 Nam
811 489 852 535 etsi
869 487 987 536 crucifixus
1003 489 1045 536 fuit
1056 504 1085 536 ex
1103 489 1134 538 iu·

170 550 336 614 &salaminiis
348 553 440 614 diligar.
675 551 784 606 firmitate,
807 553 862 598 vivit
888 561 962 599 tamen
983 567 1013 600 ex
1039 551 1137 616 poterut

205 618 234 661 16
252 617 298 662 Sed
309 623 369 670 esto,
378 632 424 676 ego
435 631 476 662 ros
483 631 528 662 non
535 616 640 678 gravavi:
677 615 738 672 DeI;
755 631 806 662 nam
817 623 840 662 et
851 631 892 663 noa
908 617 988 662 inlirmi
999 633 1076 664 summ
1086 633 1137 664 cum

177 678 212 724 sid
222 676 281 738 qurid
293 681 337 726 sim
349 680 450 734 callidus,
459 680 511 726 dolo
522 696 563 726 vos
573 681 628 740 cepi.
677 695 710 732 eo,
723 680 761 726 sed
771 681 816 726 vivi
825 682 907 726 erimus
917 696 968 726 cunr
980 697 1013 736 eo,
1020 696 1049 728 ex
1060 689 1127 743 poten

209 745 236 788 17
255 742 320 788 Num
343 759 384 803 per
411 759 543 803 quemquam
568 759 644 788 eorum
678 741 707 788 ut
719 743 764 788 Dei
776 745 834 805 apud
846 760 892 790 vos.
1079 782 1082 790 ,

181 821 232 866 quos
242 807 292 851 misi
304 807 391 860 advos,
404 809 502 867 quaestui
515 823 555 854 vos
564 806 646 852 habui?
710 811 725 854 5
743 807 792 852 Vos
802 809 862 868 ipsos
878 815 967 862 tentate,
979 824 1007 854 an
1022 809 1069 854 sitis
1079 810 1102 855 in
1113 809 1138 854 It-

213 873 240 914 18
258 869 368 916 Precatus
377 886 426 916 sum
438 869 522 921 Titum.
531 878 610 916 etcum
618 887 645 916 eo
673 871 723 926 de;
746 873 846 931 vosipsos
863 873 971 931 probate:
1002 886 1077 918 annon
1099 888 1141 935 eg·

180 933 228 978 misi
237 933 345 980 tratrem:
365 949 419 978 num
436 932 508 994 aliqud
524 935 546 980 iu
562 950 585 980 re
605 949 645 980 vos
677 935 768 980 noscitis
784 936 937 995 vosmetipsos,
948 937 1051 982 videficet
1061 935 1140 984 Iesum

181 998 279 1056 quaestui
289 998 365 1043 habuit
376 996 461 1043 litus?
477 1013 551 1044 nonne
567 999 645 1044 eodem
679 996 793 1045 Christum
810 997 834 1042 in
852 998 913 1043 vohis
931 998 998 1044 ease?
1014 1000 1056 1044 nisi
1073 1003 1140 1063 rejec-

182 1060 415 1121 apirituincessimusi
431 1077 505 1108 nonne
511 1062 587 1108 iisdem
595 1077 645 1108 ses·
679 1061 736 1107 tend
747 1061 807 1106 estis.

182 1123 259 1185 ligiis?
711 1125 777 1171 eat
788 1140 852 1185 spero
862 1123 910 1171 sore
921 1126 1141 1186 utcognoaeatisnca

216 1191 245 1234 19
261 1187 361 1234 Rursum
371 1189 453 1250 putatis
464 1186 522 1250 qudd
533 1205 574 1234 nos
583 1188 645 1234 vobis
678 1203 723 1234 non
734 1203 783 1234 esse
794 1189 935 1249 rejectaneoe.

181 1251 331 1298 excusemus?
357 1251 381 1298 in
399 1261 519 1314 conspectu
545 1251 598 1306 Dei,
622 1253 645 1297 in
711 1254 725 1298 7
744 1251 804 1312 Opto
815 1260 913 1298 autema
927 1251 1140 1312 Deqnequidmali

184 1313 275 1361 Christo
283 1315 406 1375 loquimur:
420 1317 495 1362 omnia
503 1324 576 1362 cutem
585 1317 645 1371 haec,
677 1314 778 1372 saciatis5
795 1331 840 1361 non
852 1324 877 1361 ut
892 1331 934 1361 nos
950 1316 1033 1376 probati
1050 1332 1140 1378 compe·

182 1378 262 1432 dilecti,
274 1395 314 1439 pro
324 1381 393 1426 vestri
403 1379 561 1426 aedificatione
680 1380 767 1433 namur,
787 1379 826 1425 aed
844 1387 869 1425 ut
890 1381 949 1440 quod
971 1381 1087 1426 honestum
1107 1390 1140 1428 est

216 1441 318 1488 2on
326 1450 408 1497 metuo,
416 1459 488 1504 nequo
497 1444 569 1497 modo.
579 1459 647 1504 quum
679 1441 769 1498 faciatis,
794 1459 836 1489 noa
860 1441 913 1490 verri
938 1444 998 1490 velut
1026 1447 1135 1506 rejectme

183 1520 273 1560 venero,
291 1521 336 1552 non
356 1507 432 1567 quales
454 1508 519 1553 velim
540 1508 647 1568 reperiam
680 1507 755 1554 almus.

184 1585 231 1622 ros,
243 1577 266 1616 et
276 1585 319 1630 ego
331 1571 426 1630 reperiar
437 1572 498 1616 vobit
509 1571 595 1630 qualem
604 1586 646 1617 no·
710 1575 726 1616 8
744 1571 797 1617 Non
815 1572 874 1617 enirn
893 1587 1009 1634 possumus
1025 1573 1140 1634 quicquam

183 1632 244 1688 litis;
262 1649 333 1694 nequo
344 1635 411 1680 modo
422 1637 468 1682 sint
480 1635 535 1687 lites.
548 1635 646 1681 aemula·
679 1633 784 1682 adversis
794 1637 915 1689 veritatem,
928 1637 966 1681 aed
978 1652 1018 1696 pro
1029 1638 1128 1683 veritate.

184 1697 262 1750 tiones,
281 1698 482 1752 excandescentiae,
511 1699 577 1752 rixae.
606 1701 646 1744 ob·
712 1699 875 1746 9Gaudemus
889 1700 948 1744 eninr
965 1714 1033 1759 quum
1050 1715 1091 1745 nos
1105 1701 1140 1746 in·

184 1761 330 1815 trectationes,
342 1763 433 1814 susurri,
446 1771 550 1816 tumores,
562 1763 645 1808 tumul·
679 1761 735 1806 firmi
747 1777 829 1814 sumus,
845 1777 887 1807 vos
902 1769 976 1807 autem
990 1753 1055 1808 validi
1070 1765 1138 1809 eatis:

185 1824 300 1870 ruationee,
678 1827 721 1871 hoc
742 1833 815 1871 autern
834 1825 899 1870 etiam
919 1832 1027 1884 optamus,
1046 1835 1141 1871 vestram

217 1891 244 1932 21
258 1887 294 1933 Ne
301 1903 342 1941 me,
349 1897 466 1948 postquam
473 1889 551 1934 iterum
558 1904 646 1942 venero,
679 1890 781 1934 videficet
792 1887 978 1933 instaurationem.

184 1951 291 2012 deprimat
309 1952 373 1997 Deus
395 1967 458 1998 meus
479 1953 537 2013 apud
558 1967 606 2006 vos,
625 1961 647 1998 et
714 1955 744 1997 10
761 1950 882 2012 Propterea
897 1952 951 1996 haee
968 1950 1046 1996 absens
1065 1951 1141 2002 scnho.

185 2014 272 2075 lugeam
289 2017 371 2060 multos
385 2031 462 2061 eorum
478 2016 515 2076 qui
529 2007 582 2062 anti
595 2031 646 2076 pec·
680 2030 707 2060 ne
719 2029 822 2075 praesens
833 2015 948 2060 severitate
962 2021 1016 2068 utar,
1028 2029 1056 2060 ex
1067 2023 1141 2075 potet·

184 2076 268 2132 chrum,
278 2093 318 2126 nec
330 2086 469 2138 resipuerunt
480 2094 545 2139 super
555 2079 646 2139 impuri·
680 2086 724 2124 tate
734 2093 800 2139 quam
811 2077 871 2125 dedit
881 2079 932 2125 mihi
946 2077 1058 2124 Dominus
1067 2079 1093 2124 ad
1105 2095 1141 2124 ae·

185 2149 236 2193 tate,
247 2151 269 2186 et
280 2143 420 2196 scortatione,
429 2149 451 2187 et
464 2139 573 2202 protervia
581 2156 646 2202 quam
679 2141 833 2195 dilectionem,
841 2157 866 2188 ac
874 2158 919 2188 non
928 2143 955 2187 ad
964 2143 1141 2189 destructionem.

185 2202 303 2266 patriarum.
714 2209 739 2250 ll
761 2205 828 2258 Quod
845 2214 950 2266 superest,
967 2205 1051 2258 iratres,
1064 2206 1141 2259 valete.

679 2269 836 2322 instauramini‚
859 2269 1031 2313 consolationem
1059 2270 1141 2323 habete,

330 2331 405 2380 CAP.
430 2331 503 2378 XllI.
681 2332 737 2377 idem
747 2332 833 2384 sentite,
845 2331 867 2375 in
883 2346 936 2390 pace
950 2332 1024 2390 agite:
1044 2337 1066 2376 et
1079 2331 1142 2377 Deua

256 2394 301 2442 AC
320 2395 385 2442 tertii
405 2396 453 2442 rice
472 2396 537 2441 venio
555 2396 647 2442 advos.
680 2395 825 2440 charitatisac
836 2394 896 2454 pacis
907 2394 948 2438 erit
960 2395 1070 2439 vobiscum

286 2459 325 2505 Ex
343 2475 382 2506 ore
393 2461 487 2505 duorum
502 2461 590 2505 testium
610 2467 647 2505 aut
715 2461 743 2503 12
762 2457 860 2503 Salutate
871 2457 906 2502 alil
923 2457 977 2503 alios
991 2457 1066 2502 osculo
1078 2473 1140 2503 sarre-

187 2522 251 2568 trium
262 2521 351 2569 firmum
363 2524 404 2568 erit
412 2539 479 2569 omne
490 2524 588 2568 verbum.
680 2532 710 2568 to.
745 2521 845 2567 Salutant
857 2537 896 2566 vos
907 2520 976 2566 sancti
987 2535 1071 2566 omnes.

217 2589 232 2630 2
249 2585 360 2640 Praedixi
372 2595 395 2632 et
406 2583 503 2632 secundd
514 2587 615 2647 praedico
625 2594 650 2632 ut
717 2589 745 2630 15
764 2585 842 2632 Gratia
854 2585 947 2630 Domini
959 2584 1013 2632 Jesu
1024 2583 1112 2636 Christi
1121 2596 1141 2632 ct

186 2663 294 2709 praesens,
312 2657 335 2696 et
350 2651 429 2696 absens
450 2665 510 2695 nunc
530 2651 600 2696 scribo
624 2651 649 2696 iia
682 2651 775 2695 charitas
788 2649 839 2702 Dei,
851 2657 873 2694 et
889 2649 1058 2694 communicatio
1074 2650 1142 2709 Spiri-

186 2713 222 2772 qui
232 2709 285 2759 antri
295 2711 422 2774 pecchrunt,
439 2720 461 2758 et
475 2714 566 2774 reliquis
577 2715 648 2759 omni·
682 2714 718 2759 tus
742 2714 816 2759 Sancti
838 2713 866 2759 sit
887 2729 937 2758 cum
957 2713 1058 2758 omnibus
1075 2715 1142 2760 volsis.

186 2776 231 2830 hus,
253 2777 301 2823 fore
323 2786 354 2830 ut,
373 2777 390 2822 si
407 2774 479 2822 denud
498 2792 587 2846 venero,
604 2793 649 2823 non
684 2779 765 2823 Arnen.

187 2854 288 2899 parcam:

181 2929 184 2938 ‹
221 2907 238 2948 ὅ
265 2903 453 2962 Quandoquidem
475 2903 650 2964 experimentum
684 2903 721 2949 Ad
741 2902 869 2950 Corinthios
888 2903 984 2948 secunda
1002 2902 1043 2946 fuit
1064 2902 1143 2961 scripta

188 2968 289 3025 quaeritis
301 2968 324 3012 in
336 2982 373 3010 me
390 2967 499 3026 loquentis
512 2965 602 3020 Christi,
613 2969 650 3026 qui
716 2965 823 3027 Philippis
834 2967 888 3010 urbe
897 2965 1048 3016 Macedoniae,
1057 2979 1096 3023 per
1103 2963 1143 3008 Tr·

187 3043 239 3090 erga
249 3045 291 3076 vos
303 3046 350 3078 non
362 3029 467 3082 infirmus,
480 3031 518 3076 sed
529 3037 652 3092 potensest
716 3036 762 3074 turn
774 3038 797 3075 et
809 3028 900 3073 Lucam.

173 3093 289 3140 lutohia.

339 3381 480 3444 enum
508 3380 741 3440 Anosrom
769 3375 998 3448 aprsronn

526 3481 583 3538 An
603 3479 810 3554 siunins,

362 3603 435 3651 cnt’.
458 3603 478 3650 1.
686 3605 725 3650 sed
743 3619 782 3666 per
800 3602 878 3652 Iesum
897 3599 1018 3656 Christum.
1030 3617 1055 3650 ac
1072 3603 1145 3652 Dece

195 3667 364 3786 PAIIlaIlS
379 3669 491 3729 apostolus
507 3669 563 3730 (non
575 3669 653 3742 ahho·
687 3667 783 3742 Patrem,
795 3669 832 3728 qui
849 3667 962 3713 suscitavit
978 3681 1028 3712 eum
1045 3683 1073 3714 ex
1087 3683 1139 3715 mer·

276 3732 379 3783 minibus.
394 3747 465 3847 pqque
482 3747 519 3792 per
535 3734 653 3784 hommem,
687 3729 750 3790 tuis).
