2734 4314
545 367 677 468 'anca
699 411 747 484 111.

201 521 230 564 12
245 517 294 564 Aut
304 517 321 564 si
331 519 420 580 petierit
428 533 507 572 ovum,
517 533 572 563 num
578 518 638 564 dabit
666 518 744 566 ultima
753 519 851 566 conditio
861 519 958 567 bominis
969 521 1028 568 illius
1036 521 1129 568 deterior

175 581 325 642 decerpium?
665 583 745 644 priore.

200 649 229 690 13
246 646 271 692 si
288 661 330 692 vos
349 645 425 708 igitur,
446 643 485 706 qui
503 645 556 691 mali
575 653 635 700 estis,
698 650 728 693 27
747 645 840 693 Factum
851 653 885 694 est
896 654 976 700 autem.
993 663 1061 710 quum
1077 649 1130 695 baec

171 707 233 756 aristis
243 711 303 756 bona
312 710 373 755 dona
389 710 442 756 dare
459 709 535 755 liberis
549 710 634 762 vestris,
666 710 755 764 diceret,
764 711 866 758 attollens
875 727 953 758 rocem
960 713 1066 774 quaedam
1079 728 1129 760 inu·

170 781 246 833 quanto
263 774 338 834 magis
356 772 425 819 Pater
441 781 514 820 vester
534 774 637 820 coelestia
665 774 706 820 lier
721 789 740 821 -e
759 773 823 822 turbi
843 775 899 822 dixit
919 775 947 830 ei,
970 775 1055 823 Beatus
1074 792 1129 822 ven·

170 837 224 883 idria
249 838 358 898 Spiritum
381 837 490 884 Sanctum
512 837 636 899 petentibus
665 845 700 886 ter
721 839 758 898 qui
777 845 800 886 te
818 839 921 902 portavit,
943 847 966 886 et
987 842 1055 888 ubera
1074 855 1130 901 quae

169 901 209 947 abi
259 901 271 944 ?
666 902 758 950 suxisti!

200 917 262 1026 Iliso}
272 964 420 1027 Ejecitetiarn
428 964 570 1012 daemonium
578 963 635 1025 quod
699 965 800 1028 281pse
821 973 894 1012 autern
917 967 978 1018 dixit,
1004 964 1055 1014 lind
1077 963 1129 1015 rerd

169 1036 213 1075 erat
230 1036 335 1075 mutum:
357 1027 441 1082 iactum
460 1035 495 1076 ert
512 1035 592 1082 autern¹
610 1045 635 1074 e·
665 1031 730 1086 beati,
748 1031 784 1090 qui
796 1030 889 1076 audiunt
899 1045 1023 1077 sermonem
1039 1031 1091 1087 Dei,
1108 1039 1131 1080 et

126 1097 133 1104 “
169 1107 244 1153 gresso
270 1090 394 1146 daemonio,
416 1092 523 1153 loquutus
544 1100 579 1139 est
599 1091 636 1140 ille
666 1095 855 1140 eumobservant

169 1165 247 1209 mutus,
260 1163 284 1202 et
294 1157 374 1202 mirata
384 1161 419 1202 est
429 1158 499 1203 turba.
700 1162 732 1205 29
750 1157 826 1211 Quum
838 1164 912 1204 eutem
924 1158 987 1204 turba
995 1173 1129 1220 aggregare·

201 1223 230 1267 15
247 1219 346 1274 Quidam
366 1217 420 1266 verd
436 1235 465 1266 ex
483 1221 511 1266 iis
526 1220 635 1274 dixerunt,
667 1229 704 1266 tur
723 1221 780 1282 apud
799 1236 857 1276 eum,
879 1223 952 1283 coepit
971 1222 1049 1274 dicere,
1069 1223 1131 1270 Gens

173 1282 214 1330 Per
228 1283 388 1330 Beelzebulem
405 1284 527 1347 principem
546 1285 635 1331 daemo-
667 1285 709 1332 ista
725 1285 783 1332 mala
798 1292 846 1342 est;
864 1285 953 1346 signum
971 1286 1070 1346 requirit,
1093 1287 1130 1333 sed

170 1347 255 1393 niorum
266 1347 326 1410 ejicit
336 1347 459 1394 daemonia.
667 1350 756 1412 signum
774 1365 819 1396 non
835 1349 921 1396 dabitur
937 1351 964 1406 oi,
983 1351 1024 1396 1111
1041 1351 1129 1414 signum

201 1415 230 1458 16
247 1411 281 1457 Et
291 1411 328 1458 aiii
344 1427 397 1458 eum
413 1417 532 1467 tentantes,
547 1411 635 1474 signum
667 1414 720 1460 illud
731 1413 803 1462 Jonae
812 1415 938 1476 prophetae.

169 1475 253 1522 ecoelo
265 1477 369 1536 petebant
379 1476 407 1522 ab
417 1491 452 1522 eo.
698 1483 731 1524 50
748 1478 808 1524 Nam
819 1485 885 1540 prout
895 1477 937 1524 luit
953 1477 1130 1542 Jonas⁸signum

202 1541 230 1587 17
248 1537 302 1600 lpse
312 1536 367 1586 verri
377 1555 446 1600 quum
463 1538 540 1586 ndsset
550 1539 635 1601 cogita·
668 1541 786 1598 Ninevitis,
799 1543 829 1589 ita
839 1543 905 1590 etlam
917 1551 959 1590 ent
971 1543 1041 1590 Filius
1057 1545 1129 1590 borni·

170 1604 239 1650 tiones
258 1619 343 1658 eorum,
363 1603 419 1650 dixit
436 1604 475 1659 eis,
493 1603 567 1650 Omne
583 1621 635 1666 reg·
666 1607 701 1652 nis
712 1607 747 1652 isti
759 1607 828 1668 genti.

171 1684 221 1714 num
241 1667 351 1714 dissidens
369 1665 476 1714 edversils
496 1683 544 1714 sese
562 1680 634 1714 rasta·
698 1672 726 1716 51
747 1671 837 1732 Regina
845 1669 923 1716 Austri
931 1677 1008 1733 surget
1016 1671 1130 1732 injudicio

169 1740 218 1778 tur:
238 1738 262 1778 et
273 1733 354 1780 domus
370 1730 477 1780 adversis
498 1749 547 1779 sese
567 1735 635 1780 111111-
666 1750 717 1780 curn
738 1736 790 1781 viris
805 1735 880 1796 gentis
895 1736 967 1796 hujus,
986 1742 1010 1780 et
1025 1736 1129 1782 condem·

170 1797 300 1842 dunscadit.
667 1799 726 1844 nabit
745 1814 800 1854 eos;
822 1795 882 1858 qudd
899 1797 985 1844 venerit
1001 1813 1014 1844 a
1032 1799 1130 1846 tenninir

202 1864 231 1904 18
250 1857 420 1914 Quddsietiarn
431 1857 636 1921 Satanasadversris
668 1869 739 1908 terrae
760 1869 785 1907 ut
804 1861 888 1907 audiret
909 1861 1038 1922 sapientiam
1065 1861 1130 1908 Selo-

169 1925 264 1985 seipsum
275 1925 371 1978 dissidet,
383 1925 497 1984 quomodo
508 1925 573 1973 stabit
584 1941 635 1986 reg·
667 1926 754 1981 monis;
771 1931 794 1971 et
804 1940 863 1980 eece,
879 1923 929 1986 plus
945 1921 1012 1985 qutm
1024 1924 1130 1974 Solomou

170 2003 222 2033 num
233 1988 300 2049 ejus?
316 2004 367 2034 narn
379 1988 452 2036 dicitis
462 2004 502 2050 per
510 1985 635 2036 Beelzebu-
667 1997 699 2036 est
711 1989 786 2034 hocin
798 1989 855 2034 loco.

170 2051 211 2098 lem
222 2053 302 2114 ejicere
313 2067 349 2099 me
359 2053 482 2099 daemonia.
699 2057 731 2099 52
748 2052 797 2100 turi
807 2053 927 2100 Ninevitae
934 2059 1056 2115 exsurgent
1064 2053 1128 2114 inju-

202 2119 232 2164 19
249 2114 319 2170 Quod
336 2131 354 2164 sr
366 2133 411 2178 ego
426 2132 466 2178 per
478 2115 636 2164 Beelzebulem
667 2117 724 2164 dicio
741 2133 792 2166 cum
809 2125 876 2180 gente
893 2115 941 2171 ista,
958 2124 982 2164 et
996 2119 1129 2166 condemna·

169 2181 231 2241 ejicio
242 2181 364 2242 daemonia,
375 2181 415 2226 lilii
431 2181 499 2226 vestri
516 2195 636 2242 perquem
668 2182 722 2228 bunt
737 2198 799 2240 eam3
816 2180 875 2242 qudd
891 2183 918 2228 ad
931 2183 1073 2243 praeconium
1088 2182 1129 2229 Jo-

169 2245 278 2306 ejieiunt?
296 2253 412 2308 propterea
428 2243 471 2308 ipsi
488 2252 554 2292 erunt
569 2244 636 2291 vestri
667 2261 709 2292 nae
720 2247 866 2307 resipuerint;
885 2252 908 2291 et
924 2261 982 2300 ecce,
999 2245 1048 2306 plus
1064 2243 1130 2307 quim

170 2309 264 2370 judices
667 2308 739 2357 Jonas
750 2318 781 2355 est
792 2310 835 2354 boe
845 2309 868 2354 in
877 2308 935 2354 loco.

202 2377 234 2418 20
254 2372 293 2420 Sin
314 2381 388 2419 autern
411 2373 482 2436 digito
505 2371 551 2418 Dei
572 2372 637 2434 ejicio
700 2377 733 2418 33
749 2371 899 2424 Nullusvero,
908 2372 925 2417 si
933 2371 1044 2416 lucernam
1052 2387 1131 2417 aceen-

170 2437 290 2490 daernonia,
300 2453 379 2500 nempe
387 2437 575 2500 pervenitadvos
584 2452 636 2498 reg·
667 2437 730 2492 derit,
749 2436 772 2482 in
790 2435 878 2482 occulto
895 2435 959 2496 ponit
980 2449 1037 2488 eam,
1060 2449 1131 2496 neque

170 2516 222 2546 num
235 2500 289 2549 Dei.
668 2503 742 2547 subter
753 2501 864 2556 modium
887 2499 958 2545 sedin
971 2498 1132 2554 candelabrum,

202 2569 230 2610 21
250 2565 415 2627 Qnumpotens
422 2564 530 2626 quispiam
539 2571 638 2612 armatus
668 2572 692 2610 ut
711 2566 747 2626 qui
767 2565 921 2627 ingrediuntur
940 2563 1079 2626 splendorem
1097 2563 1131 2610 ri·

169 2629 265 2676 custodit
287 2630 358 2676 aulam
378 2645 448 2684 suam,
471 2630 494 2675 in
513 2645 570 2692 paee
586 2635 637 2676 sunt
668 2630 740 2678 deant.

170 2707 225 2753 quae
236 2693 277 2754 ipsi
289 2701 416 2755 suppetunt.
699 2697 732 2740 54
748 2693 852 2741 Lucerna
869 2693 968 2756 eorporis
987 2699 1020 2740 est
1040 2693 1129 2740 oculus.

202 2761 233 2802 22
259 2756 381 2820 Postquam
404 2753 458 2803 verd
479 2756 587 2818 quispiam
609 2771 637 2802 eo
667 2774 735 2819 quum
749 2759 817 2820 igitur
833 2757 910 2806 oculus
927 2765 978 2806 tuus
994 2758 1061 2805 fuerit
1077 2759 1131 2804 sinr-

171 2820 281 2882 potentior
290 2821 398 2868 invadens
408 2821 486 2868 vicen't
497 2837 554 2874 enm,
567 2827 636 2866 totarn
666 2823 734 2884 plex„
752 2831 824 2870 totum
851 2839 940 2884 quoque
966 2838 1046 2884 eorpus
1067 2829 1131 2868 tuum

171 2892 302 2932 armaturam
314 2887 361 2948 ejus
372 2883 496 2946 aufertqui
506 2884 635 2941 confidebat,
668 2887 764 2934 lucidum
775 2888 832 2934 erit:
857 2903 925 2948 quum
936 2885 990 2934 verd
1006 2887 1078 2934 malus
1095 2886 1130 2932 lu⁴

171 2959 192 2995 et
203 2944 272 3009 spolia
281 2951 329 3012 ejus
339 2949 456 2996 distribuit.
666 2952 714 3006 erit,
731 2953 797 2998 etiam
813 2966 894 3012 corpus
910 2957 974 2996 tuum
990 2951 1131 2996 tenebrosum

200 3016 233 3060 23
250 3013 296 3068 Qui
307 3019 400 3060 nonest
413 3028 507 3067 meeum,
518 3009 636 3060 adversim
667 3016 715 3060 erit.

172 3091 205 3123 me
225 3085 276 3124 est:
301 3084 326 3124 et
343 3077 381 3139 qui
399 3092 444 3123 non
461 3078 523 3140 cogit
541 3093 635 3134 mecum,
698 3079 731 3124 55
749 3076 872 3124 Considera
892 3091 953 3134 ergo,
981 3089 1035 3118 num
1056 3073 1130 3119 lunen

171 3142 260 3204 spargit.
666 3141 726 3202 quod
736 3141 759 3185 in
770 3147 793 3186 te
804 3145 844 3193 est,
855 3138 958 3184 tenebrae
968 3137 1019 3184 sint.

201 3208 233 3249 24
250 3205 327 3259 Quum
343 3204 443 3266 impurus
459 3206 548 3267 spiritus
558 3204 637 3251 exierit
699 3209 731 3252 36
748 3201 833 3264 ltaque,
850 3202 868 3248 si
882 3215 962 3262 corpus
979 3206 1041 3248 tuum
1059 3205 1130 3248 totum

170 3282 183 3314 a
203 3270 313 3330 quopiam,
335 3269 416 3315 transit
436 3285 476 3330 per
497 3270 557 3315 arida
580 3268 635 3323 loca,
666 3267 763 3315 lucidum
773 3265 858 3329 suerit,
876 3280 922 3311 non
939 3265 1021 3312 habens
1037 3263 1129 3324 aliquan

171 3347 276 3391 quaerens
286 3333 404 3394 requiem:
423 3341 446 3380 et
456 3349 501 3379 non
512 3333 635 3386 inveniens,
666 3341 751 3394 partem
763 3331 908 3384 tenebrosam,
925 3329 967 3376 erit
982 3328 1079 3374 lucidum
1094 3335 1130 3376 to¹

168 3395 228 3448 dicit,
247 3396 358 3444 Revertar
373 3397 463 3442 domurn
481 3412 560 3452 meam,
578 3395 636 3442 unde
667 3405 721 3451 turn,
739 3404 764 3443 ut
779 3411 847 3458 quum
864 3395 955 3440 lucerna
968 3393 1056 3456 fulgore
1071 3393 1133 3438 te?-

172 3460 235 3506 exivi.
667 3461 751 3507 lustrat.

205 3527 233 3571 25
251 3523 635 3586 Veniensigiturinvenitearnver·
698 3527 729 3572 37
747 3527 763 3585 ‘l
778 3521 856 3576 Quum
869 3528 941 3567 autem
954 3522 1010 3567 baec
1026 3519 1130 3581 loquutus

173 3601 218 3634 1111
228 3595 251 3634 rt
261 3595 371 3635 ornatam.
666 3596 731 3642 esset,
742 3587 888 3648 rogaviteum
900 3585 987 3644 quidam
1001 3585 1131 3632 Pharisaeus

203 3655 233 3698 26
249 3652 317 3699 Tune
336 3650 487 3714 proficiscitur.
505 3659 528 3698 et
543 3651 636 3698 assumit
667 3659 692 3699 ut
703 3651 819 3714 pranderet
830 3648 927 3709 apudse.
960 3647 1129 3714 Ingressuaigi·

174 3723 254 3777 neptem
265 3717 322 3764 alios
333 3717 420 3777 spiritus
430 3719 517 3778 pejores
531 3711 598 3776 quim
609 3715 638 3761 sit
667 3713 829 3770 turdiseubuit.

175 3789 223 3842 que,
234 3787 257 3828 et
267 3780 363 3844 ingressi
374 3781 472 3884 hqbimnt
487 3780 547 3826 111111
566 3777 637 3840 aitque
699 3783 730 3826 38
749 3778 881 3825 Pharisaeus
891 3773 951 3834 verd,
966 3793 1034 3842 quum
1045 3779 1087 3823 loe
1097 3789 1125 3819 vr·
