2756 4320
590 423 703 480 ΔῸΤΑ,
724 424 782 473 XV.

240 535 273 578 25
289 531 409 591 Quumque
430 531 482 591 ipsis
503 545 543 591 per
567 529 672 592 suffragia
700 529 758 576 inter
768 545 809 576 nos
820 530 913 592 elegisse
924 547 966 586 me,
974 540 999 578 ut
1009 547 1048 594 per
1055 549 1081 579 os
1089 549 1163 582 inicum

212 593 321 642 creissent
330 609 369 655 per
380 595 478 654 singulas
488 594 591 640 ecclesias
607 610 670 655 pres·
701 594 800 639 audirent
810 602 890 656 gentes
906 611 1031 642 sermonem
1047 599 1161 658 evangelii¹

210 659 303 718 byteros,
325 659 450 719 precatique
471 664 545 704 essent
566 673 616 702 cum
633 660 671 716 je·
700 665 724 702 et
734 657 855 703 crederent.

209 721 280 786 Juniis,
292 720 473 767 commendarunt
480 737 520 768 eos
529 721 636 776 Domino,
648 723 671 766 in
734 724 748 766 8
766 721 798 766 Et
808 720 844 767 ilie
861 723 959 768 cordium
979 724 1083 784 cognitor
1099 723 1165 771 Deus

209 801 274 845 quem
285 785 428 830 crediderant.
701 785 799 844 praebuit
815 786 848 844 ¹eis
866 787 1022 840 testimonium,
1041 789 1092 833 dato
1112 789 1165 848 ipsis

243 852 274 893 24
292 846 454 909 Peragratique
464 844 552 902 Pisidid,
564 855 673 894 venerunt
704 847 786 908 Spiritu
796 848 884 904 Sancto,
896 850 952 894 sicut
962 858 985 896 et
995 851 1073 896 nobisz

210 911 233 959 in
245 911 405 973 Pamphyliam.
568 951 571 962 ,
735 916 750 958 9
767 910 872 972 Nihilque
891 913 994 959 discrevit
1011 914 1067 960 inter
1085 926 1126 960 nos
1143 921 1165 960 et

242 978 273 1022 25
291 976 326 1022 Aa
337 975 422 1038 Pergae
429 975 513 1035 loquuti
520 975 619 1021 Domini
626 990 673 1021 ser-
702 973 758 1028 illos,
778 973 863 1038 iideab
881 975 929 1038 ipso
948 978 1047 1038 purgatis
1064 979 1166 1024 cordibus

214 1053 306 1092 canem,
319 1040 480 1085 descenderunt
491 1039 604 1086 Attollam.
703 1053 786 1083 eorum.

242 1107 274 1149 26
291 1102 323 1150 Et
334 1103 393 1148 illinc
401 1099 547 1163 enavigitmnt
555 1102 673 1148 Antiochi·
738 1105 768 1146 10
784 1100 852 1146 Nunc
861 1117 915 1163 ergo
922 1102 974 1162 quid
983 1104 1070 1150 tentatis
1080 1103 1166 1158 Deum,

212 1180 253 1220 arn,
265 1167 324 1213 unde
334 1166 421 1213 fuerant
431 1167 577 1212 commendati
589 1167 673 1228 gratiae
703 1164 731 1210 ad
741 1163 897 1225 imponendum
909 1167 990 1227 jugum
1007 1167 1086 1212 cervici
1100 1168 1166 1213 disci·

213 1229 257 1277 Dei
269 1231 297 1276 ad
308 1246 363 1291 opus
374 1231 433 1290 quod
444 1230 594 1290 impleverant
702 1227 811 1288 pulcrum,
829 1229 889 1288 qaod
910 1245 981 1289 neque
1002 1237 1074 1290 patrea
1095 1231 1166 1276 nostri

185 1303 188 1314 ¹
244 1296 274 1340 at
291 1293 369 1347 Quum
380 1301 453 1340 autern
468 1294 580 1339 venissent
595 1299 619 1338 et
631 1307 673 1337 co·
703 1306 775 1351 neque
785 1307 826 1337 nos
837 1299 924 1352 portare
936 1293 1062 1338 valuimus?

212 1357 310 1418 egissent
319 1357 440 1410 ecclesiam,
458 1357 579 1402 retulerunt
593 1363 675 1415 quanta
738 1358 764 1399 ll
785 1353 834 1400 Imd
845 1371 884 1416 per
899 1357 993 1416 gratiam
1005 1356 1099 1402 Domini
1109 1356 1166 1406 Jesu

212 1419 338 1480 Deus-per
359 1420 418 1480 ipsos
440 1419 553 1469 effecisset,
580 1435 674 1480 eumque
706 1415 788 1466 Christi
810 1420 919 1464 eredimus
940 1435 982 1464 nos
1001 1429 1112 1466 servatum
1131 1422 1165 1476 iri,

212 1483 323 1544 aperuisse
332 1484 435 1544 gentibus
445 1483 527 1529 ostium
537 1481 594 1528 fidei.
704 1483 887 1542 quemadmodum
898 1491 920 1528 et
934 1483 989 1528 illos

245 1550 275 1592 28
295 1546 328 1592 Et
346 1547 475 1592 commorati
493 1552 545 1592 sunt
563 1546 607 1592 illic
628 1561 674 1592 non
737 1549 767 1590 12
783 1545 863 1591 Tacuit
874 1554 946 1592 autem
959 1557 1006 1592 tota
1016 1547 1053 1592 illa
1064 1549 1165 1594 multitu-

213 1625 304 1674 parvum
315 1617 401 1672 tempus
413 1624 463 1656 curn
472 1609 589 1671 discipulis.
704 1607 739 1662 do,
750 1616 773 1654 et
784 1609 898 1655 audiebant
915 1609 1046 1664 Barnabam
1064 1619 1086 1656 et
1104 1609 1166 1657 Pau-

703 1671 757 1727 lum,
769 1681 904 1733 exponentes
914 1681 997 1732 quanta
1009 1673 1073 1720 Deus
1084 1676 1165 1721 edidis·

368 1735 442 1786 CAP.
466 1735 524 1783 XV.
703 1737 813 1797 aetsigna
823 1743 845 1782 et
859 1737 964 1783 miracula
979 1753 1018 1797 per
1034 1738 1094 1798 ipsos
1109 1739 1164 1785 inter

270 1799 362 1847 ORRO
373 1801 461 1860 quidam
472 1801 508 1860 qui
518 1800 675 1846 descenderant
703 1807 789 1862 gentes.

294 1862 411 1920 eJudeei,
429 1865 537 1912 docebant
553 1863 637 1918 iratres,
654 1871 676 1910 et
739 1866 769 1908 13
786 1862 906 1923 Postquam
918 1871 991 1910 autem
1008 1864 1048 1925 ipsi
1065 1865 1165 1910 conticu-

214 1929 325 1982 dicebant,
347 1928 398 1974 Nisi
425 1929 610 1974 circumcidamini
632 1927 675 1973 ritu
704 1925 1104 1987 issentresponditJacobusdicens,
1117 1929 1165 1974 Vm

217 1990 296 2043 Mosis
309 2007 353 2038 non
365 1993 456 2053 potestis
467 1992 556 2038 servari.
705 1989 789 2044 iratres,
802 1991 875 2036 audite
885 2006 928 2036 me.

247 2059 262 2098 2
279 2053 335 2100 ortt
345 2055 413 2116 igitur
421 2051 566 2116 repugnandi
576 2060 598 2100 et
610 2053 675 2099 alter·
739 2057 769 2098 14
786 2054 876 2100 Simeon
887 2054 989 2115 exposuit
999 2050 1110 2115 quomodo
1119 2056 1164 2116 pri,

214 2118 300 2164 catione
312 2133 356 2163 non
367 2115 435 2179 parvi
447 2117 518 2163 Paulo
527 2131 552 2162 ac
562 2117 676 2162 Barnabae
704 2113 766 2162 mdm
779 2115 844 2163 Deus
860 2119 980 2178 respexerit
995 2126 1081 2180 gentes,
1093 2127 1117 2164 ut
1129 2135 1166 2164 su·

215 2177 319 2226 adversita
330 2181 386 2234 illos,
397 2181 541 2226 constitutum
552 2181 594 2226 fuit
605 2188 629 2226 ut
640 2196 675 2226 as·
705 2187 776 2226 meret
783 2195 812 2226 ex
822 2180 874 2241 ipsis
884 2182 989 2242 populum
1000 2182 1084 2228 nomini
1096 2197 1145 2228 suo.

215 2245 333 2290 cenderent
345 2244 428 2291 Paulus
436 2253 458 2290 et
470 2243 589 2298 Barnabas,
598 2245 676 2304 etqui·
740 2247 769 2290 15
786 2243 819 2290 Et
836 2245 888 2290 huic
906 2247 942 2291 rei
959 2251 1082 2292 consonant
1100 2248 1165 2292 verba

215 2308 264 2354 dam
276 2309 311 2354 ahi
322 2323 351 2354 ex
362 2309 410 2362 illis,
421 2309 449 2354 ad
456 2309 568 2369 apostolos
579 2324 604 2354 ac
615 2324 677 2370 pres·
705 2309 867 2370 prophetarum,
879 2306 935 2355 sicut
946 2309 1050 2370 scriptum
1062 2315 1110 2355 ests

215 2372 304 2432 byteros
332 2372 519 2432 Hierosolymam,
548 2387 613 2434 super
636 2373 677 2418 hac
741 2375 770 2417 16
788 2371 843 2418 Post
854 2373 907 2418 haec
915 2377 1167 2426 revertanetrestaura·

215 2438 348 2496 quaestione.
706 2435 735 2480 bo
748 2435 911 2482 tabernaculum
928 2436 1023 2482 Davidis
1039 2437 1169 2497 collapsum,
1253 2488 1256 2492 ,

227 2503 262 2552 ,5
280 2498 315 2545 llli
324 2515 379 2560 ergo
388 2499 474 2546 deducti
485 2500 512 2544 ab
520 2496 617 2552 ecclesii,
627 2515 677 2559 per-
706 2503 730 2544 et
749 2500 821 2544 ruinas
839 2501 886 2559 ejus
902 2501 1033 2554 restaurabo,
1053 2505 1079 2546 et'
1093 2516 1170 2547 rursus

215 2561 320 2623 agrirunt
348 2563 474 2609 Phoenicen
500 2569 524 2608 et
550 2563 677 2617 Samariam,
707 2562 791 2623 erigam
802 2563 869 2608 illud:

216 2633 328 2671 narrantes
339 2628 507 2672 conversionem
521 2627 636 2686 gentium:
656 2634 678 2672 et
741 2629 769 2673 17
789 2625 823 2672 Ut
842 2626 953 2686 requirant
973 2627 1049 2686 reliqui
1068 2627 1170 2674 homines

215 2689 389 2748 gaudiomagno
403 2689 524 2734 affecerunt
539 2704 617 2736 omnes
632 2689 677 2735 ira·
708 2688 839 2743 Dominum,
861 2697 884 2736 et
905 2705 982 2736 ornnes
1004 2698 1082 2751 gentes
1104 2707 1170 2752 super

216 2759 267 2798 tres.
541 2781 545 2786 -
707 2753 897 2812 quasinvocatum
914 2754 979 2800 fuerit
996 2769 1077 2800 nomen
1087 2769 1169 2810 matun,

248 2819 264 2858 4
281 2813 357 2867 Quum
369 2820 442 2862 autem
455 2815 606 2875 pervenissent
618 2814 677 2861 Hie·
707 2812 759 2861 dicit
770 2815 884 2862 Dominus
894 2818 930 2878 qui
942 2818 994 2863 facit
1007 2818 1060 2862 haec
1071 2819 1153 2864 omnia.

216 2878 357 2938 rosolymam,
374 2879 460 2938 excepti
477 2885 529 2925 sunt
544 2879 571 2924 ab
585 2877 679 2926 ecclesiia
741 2883 770 2924 18
787 2879 850 2926 Nota
861 2888 912 2926 sunt
929 2877 989 2927 De'o‘
998 2883 1025 2926 ab
1040 2883 1104 2928 mni
1113 2897 1169 2928 aevo

216 2948 239 2988 et
249 2943 278 2988 ab,
286 2941 390 3002 apostolis
401 2956 426 2987 ac
434 2943 572 3002 presbyteris,
584 2949 606 2988 et
618 2951 677 2988 retu·
707 2943 781 2989 omnia
792 2958 858 3002 opera
869 2959 914 2990 sue.

216 3005 382 3067 leruntquanta
392 3005 508 3068 Deusper
523 3007 582 3068 ipsos
598 3006 677 3053 effece-
742 3009 772 3053 19
792 3006 941 3060 Quamobrem
960 3021 1003 3068 ego
1022 3023 1102 3054 censeo
1124 3023 1169 3055 non

220 3079 258 3116 rat.
707 3083 756 3116 esse
767 3071 913 3116 obturbandcs
923 3085 962 3116 eos
972 3072 1010 3130 qui
1023 3085 1052 3116 ex
1067 3071 1170 3134 gentibus

249 3131 454 3197 dsed(aa‘ednnt)
471 3133 559 3194 quidam
576 3149 677 3180 surrexe·
707 3133 1020 3180 adDeumseconvertunte
1050 3150 1053 3168 2
1108 3163 1109 3167 =

229 3206 268 3243 unt
279 3213 292 3244 e
303 3195 363 3243 secti
375 3197 543 3244 Pharisaeorum
559 3198 596 3257 qui
607 3198 677 3243 credi·
740 3201 771 3242 20
788 3197 833 3243 Sed
843 3198 871 3243 ad
881 3211 920 3243 eos
930 3197 1074 3251 scribendum,
1085 3204 1111 3243 ut
1121 3199 1171 3245 ebe·

219 3261 418 3315 leruntdiceates,
436 3261 545 3322 Oportere
560 3262 620 3322 ipsos
635 3262 678 3306 cir·
708 3260 792 3306 tineent
809 3276 822 3306 a
839 3260 929 3323 pollutis
945 3276 985 3321 per
1001 3261 1123 3314 simulacra,
1147 3269 1174 3309 et·

218 3325 341 3370 ehmcidere
352 3332 374 3370 et
385 3324 516 3370 denunciare
528 3331 552 3370 ut
562 3325 679 3369 observent
708 3325 847 3378 scortatione,
856 3331 879 3370 et
890 3323 1000 3369 suffocatis
1008 3326 1077 3378 rebus,
1087 3332 1109 3370 et
1118 3341 1170 3372 sau·

219 3387 289 3446 legem
303 3387 383 3434 Mosis.
672 3403 673 3408 ¹
707 3388 783 3448 guine.

250 3455 265 3495 6
283 3448 443 3498 Convenerunt
461 3449 530 3510 igitur
546 3449 638 3509 apostoli
657 3459 680 3494 et
741 3453 769 3494 21
789 3449 869 3496 Moses
879 3450 938 3496 enirn
955 3451 982 3495 ab
994 3451 1101 3496 aetatdrus
1112 3451 1171 3496 anti·

219 3513 338 3573 presbyteri
357 3521 380 3558 ut
396 3513 527 3574 dispicerent
543 3512 570 3557 de
586 3513 628 3558 hoc
640 3528 679 3558 ne·
708 3513 758 3573 quis
768 3513 886 3573 oppidatim
897 3514 962 3558 habet
972 3514 1009 3573 qui
1024 3515 1095 3574 ipsum
1106 3530 1171 3574 prae·

222 3576 289 3638 potio.
709 3576 788 3630 dicent,
799 3591 867 3636 quum
879 3577 901 3621 in
913 3578 1035 3638 synagogis
1045 3592 1084 3638 pe·
1092 3579 1171 3640 singu-

251 3641 264 3684 7
283 3636 360 3690 Quum
380 3647 453 3684 autem
468 3639 538 3684 multa
554 3638 681 3699 disceptatio
709 3638 829 3685 lasabbata
839 3640 932 3699 legatur.

220 3699 302 3754 luisset,
313 3715 407 3760 surgens
420 3701 499 3748 Petrus
516 3703 570 3748 dixit
580 3703 618 3754 eis,
631 3702 679 3747 Viri
744 3706 775 3747 22
791 3702 881 3762 {Tunc
898 3704 969 3748 visum
986 3710 1019 3748 est
1035 3703 1141 3762 apostolis
1151 3712 1171 3749 et

220 3763 304 3816 iratres,
320 3777 362 3808 vos
378 3765 438 3810 scitis
458 3764 534 3809 Deum
548 3765 678 3825 jampridem
711 3766 849 3826 presbyteris.
861 3781 911 3810 cum
928 3763 974 3811 toti
991 3763 1088 3814 ecclesii.
1100 3767 1172 3828 delet.

444 3827 488 3869 152
1111 3829 1117 3842 ⁴
