2720 4312
580 407 687 458 enum
704 385 872 456 nursuous

243 519 376 581 scquietsrr.
387 517 455 564 sitan
466 518 574 579 degsmus
585 531 636 562 oum
647 514 709 562 omni
738 518 794 566 tum,
816 511 953 574 hospitum,
976 519 1053 574 aptum
1074 511 1103 560 sd
1123 512 1196 562 doen

242 585 324 648 pietate
334 593 358 630 et
368 583 497 628 honestate:
739 577 805 624 tumr

275 652 292 694 3
309 646 369 694 Nam
381 648 423 692 hoc
439 646 522 690 bonurn
539 651 574 690 est
590 649 612 690 et
629 657 708 704 accep<
772 645 789 686 δ
806 639 860 686 Non
873 639 982 693 vinosum,
993 655 1208 701 nonperoussorern,

244 719 291 758 tum
302 725 377 757 corsm
389 718 501 756 servatore
513 714 589 754 nostro
602 706 672 763 Deo;
741 720 786 752 non
798 713 884 765 turpem
894 712 1009 764 quaestum
1018 703 1150 751 facientemr
1170 706 1209 752 sed

275 774 356 828 sQut
373 773 464 834 quosvis
482 773 583 818 homines
597 771 645 816 vult
662 786 709 816 ser·
741 783 842 828 aequum,
858 768 954 814 alienum
973 784 987 814 a
1005 769 1093 830 pugnis,
1113 769 1208 816 alienum
1249 790 1252 796 ·

244 840 299 894 rsri,
313 847 338 885 et
351 838 380 886 sd
398 838 535 898 agnitionem
554 835 653 882 veritatis
670 851 709 881 se·
742 833 769 878 ab
780 830 886 878 avarint:

244 904 300 950 nire,
776 899 790 941 4
811 898 857 948 Qus·
867 911 919 942 suae
927 895 1001 941 domui
1008 897 1064 942 bene
1074 897 1161 957 praesit,
1171 897 1210 957 qul

277 970 293 1014 5
312 965 378 1014 Unus
389 965 448 1012 enim
456 973 487 1013 est
497 964 569 1018 Deus,
579 963 711 1012 unusctiam
743 959 823 1006 liberos
833 961 948 1006 contineat
964 961 986 1006 in
1005 961 1140 1022 subjectione
1157 975 1210 1008 cum

244 1030 354 1078 mediator
376 1029 422 1077 Dei
444 1036 468 1076 et
493 1028 616 1083 hominum,
643 1028 711 1074 homo
743 1025 803 1070 omni
815 1025 945 1070 honestates

247 1095 351 1143 Christus
362 1093 445 1150 Jesus;
776 1091 791 1134 ⁵
820 1087 893 1150 (Nom
916 1088 983 1148 siquis
1011 1087 1111 1148 propriae
1134 1087 1210 1135 domui

279 1163 295 1206 6
313 1159 359 1213 Qui
371 1158 478 1219 seseipse
486 1157 545 1204 dedit
556 1155 713 1216 redemptionis
744 1167 845 1214 proeesse
864 1152 941 1206 nescit,
959 1152 1072 1212 quomodo
1093 1151 1210 1200 ecclesiam

246 1224 341 1285 pretium
357 1238 398 1285 pro
411 1223 531 1283 quibusvis,
547 1222 657 1273 Clrristm,
674 1221 712 1266 in·
745 1215 790 1262 Dei
802 1214 917 1275 curabitl)

247 1303 324 1347 qnam,
337 1288 488 1333 testimonium
503 1285 557 1332 illud
568 1285 614 1331 suis
625 1292 712 1346 tempo·
777 1285 792 1327 6
810 1279 864 1327 Non
876 1281 992 1334 novitium,
1002 1296 1030 1326 ne
1038 1279 1157 1327 inflatusin
1165 1281 1209 1326 cri-

247 1352 306 1396 ribus
316 1352 464 1397 destinatum.
744 1345 888 1390 minationem
899 1345 981 1391 incidat
992 1345 1078 1392 diaboli.

279 1417 294 1461 7
313 1412 385 1476 Cujus
395 1414 529 1460 constitutus
536 1429 585 1458 sum
596 1428 640 1473 ego
648 1427 713 1473 prae·
777 1412 792 1456 't
810 1408 906 1469 Oportet
923 1417 997 1455 autem
1015 1425 1066 1454 eum
1083 1409 1150 1455 etiam
1168 1409 1210 1457 bo·

245 1493 273 1524 eo
289 1485 312 1524 et
328 1477 448 1538 spostolus,
467 1478 594 1539 (veritatem
610 1477 660 1522 dico
674 1491 714 1537 per
745 1474 887 1520 numbabere
895 1473 1211 1531 testimoniumubextraneis;

249 1525 371 1595 Christum,
388 1555 434 1586 non
447 1538 561 1598 mention)
579 1540 663 1594 doctor,
676 1541 713 1586 r'n-
745 1553 774 1583 ne
795 1537 818 1584 in
837 1538 941 1599 probrum
964 1537 1045 1582 incidat
1066 1545 1088 1582 et
1107 1537 1210 1599 loqueum

247 1621 325 1666 quoni,
346 1605 448 1667 gentium
469 1620 520 1651 cum
542 1603 586 1650 lide
607 1619 633 1651 ao
655 1605 714 1650 veri·
745 1602 831 1648 diaboli.

246 1679 299 1716 tste.
778 1670 793 1711 8
811 1665 927 1713 Diaconos
946 1666 1020 1712 itidem
1037 1667 1149 1720 honestos,
1165 1681 1210 1713 non

279 1738 294 1779 8
312 1731 373 1780 Volo
384 1733 453 1794 igitur
463 1733 523 1780 viros
535 1732 617 1794 precari
627 1731 649 1779 in
658 1747 714 1793 quo·
744 1730 861 1792 bilingues,
884 1746 928 1776 non
950 1731 1021 1776 multo
1043 1731 1096 1777 sino
1118 1731 1210 1786 deditos,

247 1797 281 1844 tis
292 1797 350 1853 loco,
361 1814 427 1860 puras
438 1813 516 1845 munus
528 1797 653 1844 attollentes
664 1797 714 1844 abs-
745 1810 790 1841 non
803 1803 888 1856 turpem
900 1802 1016 1856 quaestum
1027 1795 1139 1848 sortientes,

246 1859 544 1924 queirdetdisceptstione.
779 1865 794 1906 9
821 1858 935 1906 Tenentes
959 1860 1088 1920 mysterium
1111 1859 1161 1905 lidei
1189 1860 1211 1905 in

281 1925 395 1976 nitidem
414 1935 437 1973 et
456 1926 559 1973 mulieres
577 1925 660 1972 amictu
672 1925 714 1971 ho·
745 1919 800 1986 puni
810 1921 953 1970 conscientii.

246 1997 318 2044 nesto,
336 2005 388 2037 eum
410 1987 543 2037 verecundiai
561 1998 584 2036 et
601 1987 714 2043 rnodestii¹
781 1991 810 2032 10
827 1987 932 2048 Atquelri
941 1987 1007 2033 etiam
1015 1989 1136 2048 probentur
1144 1985 1211 2049 pribs,

248 2069 328 2100 ornare
339 2069 394 2108 sese,
411 2068 457 2100 non
474 2053 588 2107 cincinnis,
605 2053 642 2099 vel
653 2068 714 2108 auro,
745 2050 824 2098 deinde
835 2053 966 2106 ministrent,
979 2052 996 2098 si
1005 2054 1049 2098 sint
1060 2051 1172 2112 inculpati.

248 2116 284 2164 vel
293 2118 424 2178 margaritis,
436 2117 472 2163 vel
483 2119 579 2178 pretioso
591 2117 671 2163 vestitu
681 2135 689 2173 ;
781 2119 806 2161 11
829 2115 919 2162 Uxores
930 2115 1005 2162 itidem
1016 2123 1101 2176 oportet
1112 2131 1160 2162 esse
1170 2118 1211 2162 ho-

282 2184 312 2227 10
329 2181 374 2227 Sed
387 2181 458 2242 (quod
474 2182 537 2227 decet
554 2181 656 2228 mulieres
667 2182 714 2242 pie·
745 2179 1211 2235 nestasnoncalumn'rosmobrias,s1dss

248 2252 315 2292 tatem
334 2245 357 2291 in
376 2244 453 2291 Deum
473 2243 619 2307 spondentes)
641 2245 714 2307 operi-
745 2244 888 2290 inomnibus.

248 2309 288 2356 bus
298 2309 369 2356 bonis.
781 2312 809 2353 12
829 2307 925 2354 Diaconi
940 2307 983 2354 sint
1000 2307 1065 2355 unius
1076 2310 1153 2355 uxoris
1165 2326 1211 2356 nra-

281 2377 308 2419 ll
329 2373 413 2420 Mulier
422 2389 472 2419 cum
482 2374 568 2420 silentio
576 2375 654 2420 discito
663 2389 714 2419 cum
746 2373 788 2420 riti.
800 2372 836 2432 qui
850 2373 921 2418 liberis
932 2368 993 2420 recte
1009 2374 1112 2435 praesint,
1124 2383 1147 2420 et
1158 2391 1210 2436 pro·

247 2438 308 2484 ornni
320 2437 472 2484 submissione.
745 2437 797 2498 priis
808 2437 915 2482 domibus.

281 2505 310 2546 12
328 2501 419 2547 lllnlierl
431 2503 490 2547 enim
508 2501 587 2548 docere
603 2517 647 2547 non
663 2517 713 2562 per-
780 2503 809 2546 13
828 2500 938 2561 Numqui
956 2501 1013 2548 bene
1031 2501 1211 2556 ministraverint,

248 2565 318 2619 mitto,
339 2580 411 2625 neque
432 2567 585 2611 auctoritatem
609 2580 714 2626 usurpare
744 2565 838 2626 gradum
850 2564 889 2610 sibi
898 2567 980 2612 bonum
989 2566 1111 2626 acquirunt,
1121 2575 1144 2612 et
1153 2567 1210 2612 mul·

246 2629 268 2674 in
281 2629 359 2683 virum,
372 2629 411 2674 sed
425 2631 509 2674 malado
525 2639 549 2676 ut
566 2630 594 2676 sit
609 2629 631 2674 in
646 2631 712 2676 silen-
745 2640 790 2674 tam
801 2629 923 2675 libertatem
940 2645 979 2691 per
994 2629 1059 2676 fidem
1073 2640 1172 2690 quaeest
1189 2632 1211 2677 in

246 2693 284 2737 sio.
746 2691 837 2740 Christo
848 2692 912 2741 Jesu.

281 2759 311 2802 13
327 2754 429 2802 Adamus
447 2756 506 2801 enirn
526 2757 586 2817 prior
604 2756 712 2804 sorrnntus
778 2760 807 2802 14
826 2755 890 2804 Haec
905 2757 943 2804 nbi
959 2757 1038 2813 scribo,
1056 2773 1147 2820 sperans
1164 2759 1212 2807 sore

245 2826 294 2875 est3
311 2818 391 2864 deinde
403 2819 461 2865 Eva.
743 2828 768 2867 ut
776 2818 869 2867 celeritls
879 2821 907 2868 sd
918 2830 940 2868 te
951 2823 1039 2868 veniam
1050 2840 1055 2868 ·.

280 2887 310 2928 14
327 2882 360 2929 Et
372 2883 473 2929 ridemus
484 2899 529 2928 non
540 2882 711 2941 snitsuductus3
778 2887 808 2932 15
825 2883 1142 2942 Quddsitnrdirlsvenero,ut
1152 2886 1212 2936 ndns

246 2948 285 2994 sed
299 2947 378 2994 mulier
392 2947 489 3001 seducta,
503 2963 569 2994 causa
586 2957 710 3010 transgres-
742 2949 855 3010 quomodo
871 2958 973 3010 oporteat
987 2951 1011 2996 in
1022 2950 1089 2996 domo
1101 2949 1148 2998 Dei
1161 2969 1208 2998 vcr-

246 3013 315 3060 sionis
325 3011 374 3058 suit.
743 3013 859 3073 sariquae
876 3022 910 3060 est
928 3014 1022 3061 ecclesis
1038 3013 1084 3061 Dei
1102 3016 1156 3071 vivi,
1171 3032 1199 3063 eo

280 3079 309 3124 15
327 3077 454 3124 Sem'abitur
469 3082 544 3122 tamen
563 3076 642 3121 liberos
658 3077 711 3138 gig·
743 3075 819 3122 lumna
829 3084 852 3122 et
863 3078 1034 3125 stabilimentum
1046 3079 1153 3126 ueritatis

246 3142 326 3196 nendo,
338 3141 357 3187 si
373 3141 495 3188 manserint
511 3139 533 3185 in
550 3139 599 3192 lide,
615 3155 640 3186 oc
658 3143 710 3186 clra-
778 3145 807 3187 16
825 3141 857 3186 Et
876 3142 924 3188 sine
938 3140 1092 3189 controversid
1103 3159 1211 3206 magnum

245 3205 317 3260 ritate,
339 3213 362 3250 et
384 3202 556 3250 sanctificatione
582 3219 633 3251 curn
661 3220 710 3251 mo·
742 3205 1027 3266 estpietatismysteriums
1048 3205 1113 3252 Deus
1122 3211 1212 3270 conspi-

246 3265 324 3316 destii.
743 3268 875 3315 cuusfactus
882 3271 946 3316 estin
955 3286 1027 3324 carne,
1035 3270 1172 3332 justificatus
1180 3282 1213 3320 est

743 3349 766 3379 ιιι
779 3333 869 3394 Spiritu,
881 3344 1013 3395 conspectus
1030 3343 1065 3381 est
1079 3335 1106 3380 ob
1118 3336 1211 3398 angelis,

404 3392 478 3442 CAP.
503 3392 551 3440 Ill.
743 3399 881 3458 prsedicatus
891 3407 925 3444 est
935 3398 1046 3460 gentibus,
1058 3398 1114 3445 lidos
1125 3401 1156 3448 illi
1172 3401 1212 3448 lrs·

299 3457 413 3506 ERTUS
432 3467 464 3506 est
486 3460 524 3506 tric
540 3474 619 3513 sermo,
639 3460 712 3521 Siquis
743 3462 787 3508 bita
804 3469 838 3508 est
855 3461 878 3508 in
896 3463 987 3516 mundo,
1005 3478 1094 3509 sursum
1110 3473 1211 3528 receptus

313 3523 464 3584 episcopatum
476 3523 564 3585 appetit,
576 3524 711 3585 praeclarum
743 3526 810 3572 estin
822 3525 924 3586 gloriam.

244 3601 301 3646 opus
311 3585 427 3633 desiderat.

278 3653 294 3692 2
316 3649 412 3710 Oportet
428 3651 497 3712 igitur
512 3651 639 3712 episcopum
656 3651 711 3698 irre·
907 3652 981 3702 CAP.
1006 3651 1049 3700 iv.

245 3710 377 3772 prehensum
388 3727 444 3767 esse,
459 3715 524 3759 unius
541 3715 617 3760 uxoris
634 3716 712 3770 virum,
767 3715 928 3765 nPlttt'rUs
950 3729 1024 3765 nutem
1048 3717 1130 3767 diserti
1153 3721 1213 3778 diest,

247 3773 381 3834 vigilantem,
407 3782 575 3887 temppirsutem,
600 3781 711 3839 composi·
817 3780 1213 3848 forontposteriorlbustsmporibns
