2720 4312
527 379 633 429 PAULI
651 378 819 427 EPISTOLA

224 490 239 532 ὃ
257 484 324 540 Quod
336 485 354 532 si
366 501 432 539 nunc,
440 485 525 537 fratres,
532 485 619 531 veniam
628 484 656 530 od
686 482 751 536 lubra,
762 483 840 543 loquar
850 483 1005 544 populolruic;
1022 492 1045 529 et
1053 483 1139 545 itaquo

117 604 122 613 A
197 565 234 596 tus
244 550 325 610 linguis
341 549 440 609 loquens,
451 549 504 609 quid
515 565 556 594 vos
565 549 656 610 juvabo,
686 562 729 608 que
740 562 776 593 me
787 562 832 592 non
843 548 938 601 nudient,
949 547 1001 592 dicit
1013 547 1137 594 Dominus.

196 615 235 659 nisi
247 615 308 659 vobis
319 612 402 672 loquar,
416 620 454 658 aut
470 627 498 658 ex
515 612 655 664 revelatione,
720 615 751 655 22
773 608 875 671 Linguae
894 611 962 672 igitur
980 619 1033 658 sunt
1054 611 1149 672 signum

196 684 232 723 aut
246 690 274 722 ex
292 673 375 730 notitid
392 676 429 722 vel
447 676 604 737 prophetando.
620 675 654 720 vel
687 688 731 719 non
744 674 769 719 iis
784 677 820 733 qui
840 675 939 726 credunt,
956 675 995 719 scd
1011 674 1150 721 infidelibusr

196 739 313 786 docendo?
687 738 801 798 prophetis
822 735 875 783 verd
897 753 941 783 nou
963 738 1091 792 infidelibus,
1112 740 1150 785 ια’

228 806 242 850 7
259 803 329 862 Atqui
345 801 442 848 inanimo
459 817 516 862 quae
534 817 613 847 sonum
632 817 656 847 e·
687 801 833 846 credentibus.

196 866 256 919 dunt,
268 876 291 912 et
302 866 359 919 tibia.
371 873 394 912 et
404 867 493 920 cithara,
509 866 550 922 pisi
565 866 656 912 distinc-
720 868 751 908 23
769 861 847 924 ltaque
858 863 876 909 ai
887 861 964 910 eodem
981 863 1023 910 loci
1037 880 1144 912 convent·

196 931 278 977 donem
290 929 350 976 sonis
363 930 468 984 dederint,
479 930 590 990 quomodo
601 944 657 990 cogb
688 930 716 973 rlt
727 934 775 973 tota
784 928 881 980 ecelesia,
893 935 916 973 et
931 943 1009 974 omnes
1023 929 1106 990 linguis
1117 929 1141 974 lc

197 1001 299 1040 noscetur
316 993 375 1056 quod
392 991 444 1040 ubit
462 994 548 1040 canitur
567 1001 605 1039 aut
624 993 657 1038 ci·
688 999 790 1052 quantur,
810 991 961 1052 ingrediantur
979 1000 1052 1037 autem
1072 993 1149 1037 idiotas

197 1055 277 1104 derel?
689 1053 726 1100 vel
735 1054 840 1107 infideles,
852 1070 927 1100 nonne
935 1055 1009 1100 dicent
1015 1070 1055 1100 ros
1066 1051 1149 1102 furerei

229 1125 243 1166 8
262 1121 352 1167 Etenim
363 1120 381 1166 si
392 1120 501 1166 incertum
517 1135 596 1166 sonum
608 1120 660 1166 tuba
722 1122 754 1163 24
770 1118 815 1164 Sed
832 1119 850 1164 si
866 1133 945 1164 omnes
961 1119 1098 1180 prophetent,
1117 1121 1150 1165 ἐν

198 1185 286 1238 dederit,
298 1185 346 1246 quis
357 1185 494 1245 apportabitur
504 1185 533 1231 ul
543 1183 643 1230 bellum
688 1181 801 1242 gradatur
808 1189 882 1228 autem
893 1181 986 1228 inlidelis
996 1183 1103 1244 quispiam
1115 1196 1152 1230 atu

230 1254 245 1295 9
262 1247 389 1301 [taetros.
401 1249 444 1294 uisi
455 1264 494 1309 per
505 1247 603 1308 linguam
611 1247 658 1293 edi·
689 1246 762 1296 idiota,
771 1246 871 1306 arguitur
881 1247 908 1292 ab
923 1246 1029 1296 omuibus.
1046 1247 1140 1308 dijudica

197 1312 272 1358 desitis
283 1307 339 1358 beud
355 1312 515 1372 significantem
527 1326 659 1363 sermonem,
691 1318 727 1354 tur
737 1310 765 1354 ab
775 1311 893 1355 omnibus:

199 1376 308 1436 quomodo
324 1382 472 1436 cognoscetur
487 1376 546 1434 quod
562 1374 659 1420 dicitur?
723 1377 753 1418 25
771 1372 803 1418 Et
822 1373 852 1418 ita
870 1373 999 1418 latentiam
1021 1375 1068 1434 ejus
1085 1373 1152 1419 corde

198 1439 258 1485 eritis
268 1439 327 1484 euim
339 1439 361 1483 in
372 1438 444 1484 adrem
454 1437 574 1497 loquentes.
690 1435 805 1482 manifesta
820 1435 887 1482 liunt:
906 1446 971 1496 atque
988 1437 1019 1482 ita
1035 1437 1151 1497 procidcus

229 1505 262 1547 10
277 1500 330 1555 Tot,
342 1501 518 1553 sicasustulerit,
526 1516 658 1561 generaco·
689 1499 801 1545 infaciem
817 1499 913 1546 adorabit
926 1499 1008 1554 Deum,
1020 1501 1151 1546 renuncians

199 1579 248 1611 cum
260 1566 351 1610 sunt'iu
367 1565 456 1616 mundo.
468 1571 490 1610 et
501 1565 555 1610 ri'nil
565 1573 596 1610 est
608 1579 658 1609 mu·
693 1563 767 1608 Deum
779 1560 832 1608 vere
843 1564 865 1608 in
876 1563 938 1610 vobis
948 1579 1004 1609 esse.

199 1639 253 1679 tum.
722 1631 753 1672 26
771 1626 831 1680 Quid
840 1627 953 1688 igiturest,
960 1626 1056 1673 fratres?
1066 1628 1152 1687 quoties

233 1695 258 1737 ll
279 1690 329 1738 Nisi
341 1691 408 1752 igitur
417 1691 486 1736 sciero
495 1691 538 1737 vim
546 1691 613 1744 vocis,
621 1707 660 1737 ero
690 1691 819 1744 convenitis,
831 1690 1031 1750 quisquerestrilm
1042 1692 1152 1736 canticum

199 1756 218 1802 ci
229 1757 266 1816 qui
277 1756 374 1816 loquitur
384 1756 493 1808 barbarus,
505 1756 576 1816 etqui
587 1756 659 1816 loqui·
691 1755 761 1808 habet,
773 1755 894 1800 doctrinam
910 1754 980 1808 hebet,
996 1754 1094 1816 linguam
1111 1755 1151 1800 ha·

200 1828 235 1865 tur
247 1821 304 1880 apud
314 1835 350 1866 rue
360 1820 463 1866 barbarus
466 1818 552 1880 fuerit.
690 1817 732 1871 bet,
745 1818 900 1864 revelationem
909 1818 979 1872 liniret,
988 1819 1152 1880 interpretatio-

235 1888 264 1929 12
281 1882 594 1944 ltaetvoaquaudoquidem
612 1892 659 1929 stu·
691 1897 741 1926 uem
753 1883 824 1928 habet.
848 1881 1152 1929 Omniaadaediiicatiouem

202 1948 253 1993 dicei
267 1949 321 1993 estis
336 1948 464 2007 spirituum,
481 1948 508 1992 ad
527 1946 659 1993 aedificatio-
692 1945 752 1990 liant.
1048 1967 1050 1972 ·

200 2027 250 2056 nem
261 2010 366 2057 ecclesiae
376 2011 480 2070 quaerite,
492 2021 516 2056 ut
526 2010 645 2056 excelletis.
724 2011 753 2055 27
771 2008 804 2054 Et
822 2006 898 2070 linguis
915 2011 964 2068 quis
985 2008 1087 2068 loquitur,
1102 2011 1152 2074 fiat
1217 2021 1223 2026 '

233 2077 263 2120 13
280 2074 421 2134 Quapropter
429 2074 464 2133 qui
474 2074 569 2133 loquitur
578 2073 659 2135 lingui,
691 2087 730 2132 per
747 2072 816 2126 binos,
834 2075 919 2118 autad
936 2073 1053 2134 plurimum
1070 2081 1153 2126 ternos,

200 2146 299 2199 precetur
311 2145 334 2182 ut
345 2138 505 2197 interpretetur.
690 2145 713 2181 et
724 2136 834 2191 vicissim
846 2151 903 2182 unus
912 2143 985 2182 sutem
992 2137 1153 2198 interpretetur.

233 2205 262 2247 14
280 2201 339 2246 Nam
351 2201 368 2246 si
380 2216 456 2262 precer
470 2198 552 2261 lingui,
572 2201 660 2262 spiritus
723 2203 754 2245 28
772 2197 839 2254 Quod
850 2201 868 2245 si
879 2215 924 2252 uon
941 2201 970 2246 sit
988 2201 1101 2261 interpres,
1118 2210 1153 2247 ta·

200 2279 262 2311 meus
272 2273 388 2326 precetur:
408 2265 446 2312 sed
457 2265 602 2326 intelligentia
612 2281 661 2312 mea
691 2271 739 2309 ceat
750 2263 772 2309 in
784 2261 876 2309 ecclesii
891 2266 934 2323 qul
942 2265 1044 2324 loquitur
1052 2262 1135 2326 linguei
1145 2287 1153 2322 ,-

199 2341 232 2375 est
244 2331 385 2376 infructuosa.
691 2327 771 2388 sibiipsi
783 2325 835 2372 verd
846 2328 953 2388 loquatur,
964 2336 987 2373 et
1000 2327 1059 2374 Deo.

234 2397 263 2440 15
281 2394 341 2447 Quid
352 2401 386 2439 est
401 2391 487 2454 igitur?
503 2393 607 2454 precabor
615 2393 659 2454 spi·
724 2395 755 2438 29
772 2390 896 2452 Prophetae
912 2399 984 2438 autem
1001 2393 1045 2437 duo
1060 2401 1098 2438 aut
1109 2401 1154 2440 tres

200 2457 249 2510 ritu,
261 2459 300 2503 aed
310 2458 414 2518 precabor
425 2457 490 2502 etiam
499 2455 656 2517 intelligentiis
692 2454 824 2515 loquantur;
841 2465 863 2500 et
874 2455 909 2500 alii
921 2456 1046 2517 dijudicent

201 2521 289 2580 psallum
301 2521 384 2581 spiritu,
396 2520 434 2566 sed
445 2521 535 2581 psallam
547 2522 612 2566 etiam
625 2521 659 2566 in·
722 2523 755 2564 50
772 2514 839 2572 Quod
850 2521 926 2579 siquid
934 2520 969 2565 alii
977 2521 1096 2566 revelatum
1104 2520 1153 2567 fue·

201 2583 327 2644 telligentid.
691 2582 720 2628 rit
730 2582 840 2635 assidenti,
852 2583 911 2644 prior
922 2590 999 2629 toneat

234 2651 263 2693 16
281 2646 464 2704 Quandoquidem
484 2647 502 2692 si
524 2647 661 2692 benedixeris
722 2649 751 2691 ⁵1
772 2645 869 2692 Potestis
880 2647 937 2692 enim
953 2662 1031 2693 omnes
1042 2648 1154 2709 sigillatim

200 2710 283 2770 spiritu,
302 2710 321 2754 is
337 2709 374 2768 qui
392 2709 467 2768 implet
486 2709 559 2754 locum
574 2710 660 2764 idiotae,
691 2710 827 2771 prophetare,
839 2719 864 2756 ut
875 2726 951 2756 omnes
967 2710 1058 2766 discant,
1070 2719 1093 2758 et
1103 2727 1154 2758 om·

200 2773 310 2832 quomodo
322 2773 418 2817 dicturus
430 2785 464 2816 est
475 2771 549 2817 Amen
560 2773 588 2818 ad
599 2782 658 2819 tuum
692 2789 731 2818 nes
742 2773 915 2820 consolationem
927 2775 1040 2836 accipiant.

200 2836 318 2898 gratiarum
330 2834 458 2880 actionem?
477 2850 528 2880 nam
540 2836 591 2895 quid
602 2837 661 2883 dicas
723 2840 755 2882 32
773 2836 804 2882 Et
821 2838 909 2898 spiritus
927 2840 1081 2900 prophetarum
1101 2855 1153 2902 pro·

201 2899 279 2946 nescit,
692 2901 763 2962 phetia
773 2901 923 2962 subjiciuntur.
1045 2902 1048 2908 ’

233 2965 262 3010 17
280 2962 339 3009 Nam
359 2971 382 3009 tu
399 2958 488 3022 quidem
507 2963 563 3009 bene
579 2964 662 3025 gratias
723 2967 756 3009 33
773 2963 827 3010 Nou
838 2966 897 3010 euim
908 2973 942 3012 est
958 2966 1097 3027 incompositi
1108 2977 1154 3016 sta·

200 3028 254 3092 agis,
266 3029 305 3074 sed
316 3027 371 3073 alius
382 3042 426 3072 nou
437 3025 570 3073 aedificatur.
691 3027 729 3073 tus
738 3036 819 3074 autor
831 3028 903 3082 Deus,
914 3029 952 3075 sed
963 3030 1029 3090 pacis,
1038 3038 1063 3076 ut
1071 3031 1093 3078 iu
1104 3049 1155 3079 om·

234 3094 263 3138 18
276 3091 365 3139 Gratias
373 3090 476 3152 agoDeo
483 3106 540 3146 meo,
548 3087 605 3152 quiid
614 3107 661 3138 nra·
693 3092 756 3138 uibus
767 3091 865 3138 ecclesiis
876 3100 1010 3140 sanctorum.

200 3156 236 3218 gis
245 3153 311 3217 quim
323 3171 364 3201 vos
375 3170 453 3202 omues
463 3155 545 3217 linguis
556 3155 640 3215 loquar.
724 3160 757 3201 34
769 3154 877 3202 Mulieres
885 3157 1001 3203 vestraein
1010 3160 1155 3208 conventibus

236 3223 264 3268 19
281 3221 325 3266 Sed
335 3219 358 3265 in
370 3217 461 3265 melent
478 3219 550 3265 malim
567 3220 664 3280 quinque
693 3219 788 3266 sileant·
806 3235 847 3266 uec
858 3220 916 3266 enim
932 3221 1062 3282 pemissum
1079 3232 1113 3271 est
1123 3226 1154 3273 eis

201 3285 267 3330 verba
284 3298 313 3330 ex
330 3280 474 3342 intellgenut
491 3279 540 3329 meri
555 3283 621 3343 loqui,
639 3289 664 3330 ut
693 3291 719 3328 ut
729 3283 852 3343 loquantur,
864 3284 903 3330 sed
918 3293 1003 3343 morter
1018 3292 1043 3331 ut
1057 3288 1156 3336 nudius

202 3354 223 3394 et
234 3347 288 3392 alios
304 3346 423 3399 instituam,
432 3343 498 3406 quim
510 3347 585 3392 decem
596 3347 664 3394 millia
693 3347 744 3400 siut,
756 3348 812 3393 sicut
822 3354 845 3393 el
856 3347 892 3394 lex
903 3348 963 3394 dicit.

202 3411 319 3457 verborum
330 3407 413 3470 lingui.
725 3413 757 3458 55
777 3408 846 3464 Quod
867 3412 937 3472 siquid
961 3412 1045 3458 discere
1073 3415 1157 3472 colunt,

234 3478 265 3520 20
283 3473 499 3526 Fratresueestote
509 3473 570 3533 pueri
583 3473 662 3520 intelli-
694 3473 753 3520 domi
773 3489 825 3520 suus
847 3475 906 3521 viros
927 3475 1080 3536 interrogent:
1105 3495 1155 3527 num

202 3535 292 3598 gentitis
311 3539 350 3584 sod
366 3535 416 3582 mali
427 3534 448 3582 it
464 3537 565 3593 infantes,
582 3537 663 3584 intelli·
694 3546 758 3599 turpe
768 3546 801 3585 est
813 3539 938 3585 mulieribus
949 3539 971 3584 in
982 3539 1074 3588 ecclesii
1084 3542 1153 3604 loqui.

202 3597 277 3661 gentici
288 3599 341 3646 verd
352 3600 420 3646 adulti
431 3608 509 3647 estote.
725 3607 758 3648 36
775 3601 812 3648 An
824 3617 837 3648 a
848 3604 910 3649 vobis
926 3617 998 3649 sermo
1011 3602 1055 3651 Dei
1070 3608 1156 3668 proloc-

234 3667 260 3709 21
283 3662 371 3724 Inlege
380 3664 484 3723 scriptum
493 3671 533 3717 eat,
544 3659 665 3725 Propterea
694 3673 730 3711 tur
741 3665 793 3712 esti
808 3668 927 3713 auadvos
937 3667 997 3713 solos
1008 3667 1116 3717 devenit?

204 3736 240 3775 [ter
252 3726 350 3772 diversae
365 3725 453 3830 liuguap
454 3729 569 3831 ⁹potissim
584 3735 607 3774 ct
622 3729 663 3775 alie
726 3732 758 3774 57
776 3730 798 3774 Si
818 3731 867 3788 quis
886 3731 924 3776 sibi
948 3730 1034 3776 ridetur
1052 3737 1155 3796 propheta
