2734 4314
565 417 682 474 Lucu,
708 419 765 466 Vll.

180 535 242 578 erunt,
257 539 334 570 senum
346 523 484 570 invenerunt
501 537 591 568 servum
607 523 645 584 qui
708 526 741 568 23
757 522 841 570 Beatus
862 535 896 570 est
921 535 995 570 autern
1017 525 1140 587 quicunque

180 595 278 650 segrotus
288 588 367 633 fuerat.
675 602 721 634 non
732 586 799 633 fuerit
809 586 907 635 offensus
917 589 939 634 in
951 604 995 634 me.

210 655 235 697 ll
254 655 271 712 1
285 651 319 696 Et
329 651 412 697 fectum
430 658 465 696 est
483 652 522 696 die
537 651 643 710 sequenti,
708 655 741 696 ‘24
757 651 789 696 Et
800 667 868 711 quum
878 653 982 698 obiissent
989 653 1062 698 nuncii
1069 651 1141 702 Josn·

178 722 201 761 ut
217 715 396 776 proficisceretur
414 730 436 759 m
458 715 571 760 ciuitatem
588 730 644 774 quae
676 713 716 768 nis,
734 716 807 776 coepit
823 716 851 761 de
866 714 955 762 Joennc
971 717 1140 764 dicereedtur·

178 787 267 825 vocatur
275 778 350 834 Nain3
366 778 564 839 proficiscebantur
570 785 643 824 autern
675 778 732 832 bam,
746 778 807 832 Quid
814 780 890 825 existis
899 781 921 824 in
932 779 1043 826 desertum
1055 789 1140 842 specte·

177 858 226 888 curn
237 859 265 888 eo
283 843 381 903 discipuli
394 845 442 904 ejus
455 842 526 896 multi,
539 843 643 902 turboque
676 841 738 887 turi?
755 843 883 890 arundinem
900 855 1058 904 quterrveuto
1069 847 1129 907 ngn'te

177 907 251 953 multe.
674 905 732 950 tur?

211 974 240 1016 12
258 969 293 1015 Ut
304 979 378 1015 sutem
389 969 575 1030 appropinquavit
590 985 642 1030 por·
709 971 740 1015 25
758 969 802 1015 Sed
819 969 872 1028 quid
888 969 964 1016 existis
981 971 1072 1018 visuri?
1100 973 1138 1018 lso=

177 1034 324 1087 teecivitetis,
336 1040 390 1088 turn,
402 1049 461 1084 ecce,
477 1033 594 1078 defunctus
610 1033 642 1078 ef-
677 1033 760 1078 minem
779 1033 881 1078 mollibus
899 1035 997 1080 vestibus
1015 1033 1140 1082 amictum?

178 1098 293 1152 serebatur,
310 1099 352 1158 qui
363 1097 492 1158 unigenitus
500 1095 585 1156 fuerat
595 1112 642 1143 ma·
676 1111 735 1150 ecce,
753 1096 790 1155 qui
807 1097 890 1142 vestitu
906 1096 1024 1158 magnifico
1041 1107 1139 1152 utuntur.

177 1162 205 1208 tn'
215 1175 275 1213 sune,
292 1168 315 1207 et
326 1161 367 1222 ipsi
378 1159 469 1222 quidelm
481 1161 575 1206 viduae:
595 1168 643 1206 tur·
675 1159 733 1205 etin
744 1159 800 1206 luxu
810 1168 933 1215 versantur,
950 1161 1040 1208 suntin
1057 1163 1141 1223 pslstils

177 1225 246 1286 bsque
256 1225 353 1272 civitate
364 1225 433 1270 multa
443 1231 491 1270 erat
501 1239 552 1270 curn
564 1222 596 1270 ei
677 1223 753 1284 regiis.

211 1293 242 1334 15
258 1287 374 1334 Dominus
385 1286 439 1334 verd
456 1289 527 1348 ipsam
545 1289 642 1344 intuitus,
709 1292 740 1334 26
758 1286 802 1334 Sed
816 1287 868 1348 quid
885 1287 961 1334 existis
978 1288 1064 1334 uisuri?
1088 1305 1140 1351 pro-

176 1350 254 1398 intimi
265 1351 414 1398 misericordiis
424 1358 550 1399 commotus
560 1360 594 1399 est
605 1369 642 1398 su·
675 1351 785 1411 phetam?
801 1347 860 1398 certri
872 1353 921 1398 dico
933 1353 994 1398 vobis
1009 1354 1075 1400 etism
1092 1369 1140 1400 str-

178 1432 215 1478 pcr
225 1414 258 1470 eri,
270 1423 293 1462 et
303 1417 365 1470 dixit,
378 1416 415 1462 Ne
426 1416 488 1462 fleto.
675 1412 733 1476 plius
743 1411 809 1475 quim
820 1417 956 1477 prophetem.

211 1485 241 1525 14
259 1481 379 1540 Quumque
386 1480 521 1534 accessisset
530 1480 643 1541 tetigitlo-¹
708 1481 738 1526 27
756 1478 803 1524 Hic
818 1487 852 1526 est
870 1481 898 1526 de
916 1496 960 1541 quo
977 1487 1083 1543 scripturn
1099 1489 1139 1537 est,

116 1583 121 1592 .
178 1545 259 1598 culum,
278 1545 304 1606 (ii
315 1541 369 1590 verd
380 1544 417 1604 qui
428 1545 545 1604 portabant
561 1545 641 1590 substi·
676 1541 743 1596 Ecce,
760 1543 824 1588 mitto
840 1543 946 1590 nuncium
957 1560 1032 1591 meum
1043 1553 1095 1592 ente
1105 1545 1140 1592 ss-

178 1605 271 1667 terunt>
280 1615 303 1654 et
312 1607 372 1661 dixit,
383 1607 529 1662 Adolescens,
539 1608 577 1653 tibi
585 1609 641 1664 dico,
674 1607 803 1662 ciemtusm,
819 1607 856 1667 qui
871 1610 1006 1669 praeparabit
1013 1610 1072 1656 viam
1080 1617 1140 1656 tuam

180 1672 222 1718 Sur
253 1705 259 1717 .
673 1685 748 1716 corum
760 1677 789 1718 te.

210 1687 323 1782 lge'Tunc
335 1735 415 1780 resedit
426 1735 463 1796 qui
475 1733 545 1780 iuerat
556 1745 642 1782 mortu·
707 1738 738 1780 28
756 1733 816 1780 Nem
833 1735 882 1780 dico
899 1736 968 1789 vobis,
983 1737 1041 1782 inter
1051 1737 1140 1797 genitos

178 1815 210 1852 us,
221 1807 243 1846 et
255 1800 327 1859 coepit
337 1799 413 1860 loqui:
439 1807 462 1845 et
473 1800 510 1845 ille
521 1799 580 1846 dedit
590 1815 641 1858 eum
674 1812 703 1844 ex
713 1789 846 1850 mulieribus,
863 1798 937 1843 nullus
953 1807 987 1844 est
1001 1801 1072 1860 major
1087 1815 1140 1861 pro·

178 1864 242 1909 nutri
253 1879 312 1909 sune.
674 1859 839 1923 phetsJosnne
850 1858 967 1921 Baptista:
991 1863 1032 1908 sed
1043 1863 1080 1923 qui
1097 1865 1140 1908 rni-

211 1931 240 1974 16
259 1926 324 1987 Cepit
334 1934 409 1973 autern
421 1941 499 1972 omnes
516 1927 598 1984 timor;
619 1933 643 1974 et
675 1925 749 1971 nirnus
760 1924 828 1970 estin
839 1939 910 1984 regno
922 1923 974 1980 Dei,
986 1927 1097 1987 majorest
1105 1941 1140 1974 eo.

175 1989 328 2051 glorificabunt
347 1991 432 2044 Deum,
451 1990 554 2046 dicentes,
574 1986 643 2038 Certe
708 1993 739 2035 29
756 1988 788 2034 Et
798 2003 823 2034 co
834 1989 916 2043 trudito,
933 1996 993 2036 totus
1007 1990 1101 2051 populus
1117 1998 1140 2038 et

89 2058 92 2064 '
177 2055 283 2116 propheta
299 2069 393 2116 magnus
410 2055 528 2100 suscitatus
540 2062 575 2100 est
585 2056 643 2101 inter
674 2053 783 2114 publicani
797 2049 949 2115 justilicirrunt
966 2053 1050 2110 Deum,
1067 2055 1139 2118 bspti-

177 2133 225 2173 nos,
244 2125 274 2172 et,
295 2115 364 2166 Certe
381 2116 448 2164 Deus
464 2119 560 2180 respexit
570 2134 641 2180 popu·
675 2118 720 2162 zuti
732 2117 840 2178 baptismo
850 2116 954 2165 loannis.

174 2182 223 2228 lum
234 2198 306 2228 suum.
706 2185 740 2228 50
756 2179 869 2228 Pharisaei
887 2179 942 2228 veni
960 2189 983 2228 et
998 2182 1056 2244 legis
1069 2183 1137 2231 inter·

211 2249 239 2293 17
257 2245 407 2306 Pervenitque
423 2246 465 2292 iste
481 2246 508 2292 de
524 2261 552 2294 eo
568 2261 641 2294 sermo
675 2251 748 2305 pretcs
769 2245 878 2305 aspernati
900 2252 952 2290 sunt
973 2244 1079 2292 sdversiu
1103 2263 1139 2294 se-

177 2309 279 2356 intotarn
291 2309 406 2364 Judseam,
418 2310 475 2356 etin
486 2317 555 2357 totam
567 2312 641 2373 regio·
674 2307 780 2368 metipsos
791 2307 906 2354 consilium
917 2307 968 2364 Dei,
978 2324 1024 2354 non
1034 2310 1139 2371 buptizsti

178 2389 227 2420 nern
238 2376 437 2434 circumiacentern.
674 2373 747 2418 aneo.

211 2442 240 2484 18
257 2435 641 2500 sEta'nnuncitruntJosnnidn-
706 2439 736 2482 51
756 2433 823 2482 Dixit
830 2441 944 2496 praeterea
956 2435 1076 2492 Dominus,
1095 2435 1138 2486 Cui

177 2501 241 2563 cipuli
260 2503 329 2564 ipsius
348 2503 376 2548 de
397 2501 432 2548 his
453 2503 568 2548 omnnus:
596 2503 641 2562 qui,
673 2514 729 2562 ergo
740 2499 864 2546 assimilabo
880 2499 981 2548 homines
997 2501 1092 2548 nationis
1108 2503 1138 2550 is·

177 2567 295 2612 sdvocatus
306 2567 362 2612 duos
378 2566 485 2627 quosdam
500 2581 514 2614 e
530 2567 642 2628 discipulis
674 2564 737 2612 tius?
753 2571 777 2611 et
787 2564 822 2610 cui
833 2565 864 2610 rei
876 2565 958 2612 similes
969 2565 1038 2612 sunt?

178 2630 227 2683 suis,
706 2633 738 2674 52
756 2628 843 2676 Similes
850 2638 902 2676 sunt
909 2630 1006 2692 pueruli
1013 2631 1139 2680 sedentibus

209 2696 239 2742 19
255 2694 321 2742 Misit
332 2695 360 2741 ed
371 2693 457 2749 Jesurn,
474 2695 556 2747 dicens,
574 2694 641 2741 Tune
673 2693 697 2738 in
707 2693 763 2750 loro,
775 2695 845 2754 etqui
856 2695 978 2742 acclamant
992 2696 1028 2742 elii
1044 2697 1099 2751 eliis,
1116 2705 1139 2744 et

178 2759 229 2808 ises
240 2760 277 2819 qui
288 2765 396 2805 venturus
407 2765 460 2814 erat,
477 2773 506 2805 nn
517 2759 583 2805 sliurn
600 2774 641 2806 ex·
674 2757 755 2813 dicunt.
769 2757 897 2807 Cecinimus
908 2761 971 2807 vobis
982 2760 1046 2816 tibiis,
1058 2767 1081 2807 et
1092 2776 1137 2807 non

177 2823 342 2883 spectabimus?
577 2843 579 2846 ·
674 2821 783 2880 seltdstis3
807 2823 919 2872 lurnentmi
933 2841 1010 2872 sumus
1028 2825 1096 2880 vobis,
1115 2834 1138 2870 et

208 2891 240 2933 20
257 2887 334 2942 Quum
345 2886 415 2948 igitur
424 2886 538 2933 'venissent
549 2887 577 2932 sd
590 2903 640 2934 eum
674 2901 719 2933 non
730 2887 830 2934 flevistis.
1076 2914 1082 2928 ι

177 2949 216 2996 riri
232 2951 271 3005 illi,
292 2952 403 3004 dixerunt,
423 2949 523 2998 Joannes
540 2951 642 3012 Baptista
705 2956 738 2998 55
755 2951 825 2999 Venit
840 2953 900 2998 enim
914 2951 1014 3000 Joannes
1031 2951 1138 3011 Baptista,

177 3014 234 3061 misit
253 3031 294 3061 nos
313 3016 341 3062 sd
358 3021 387 3069 te,
407 3013 488 3070 dicens,
508 3015 575 3062 Tunc
588 3016 642 3062 ises
658 3023 747 3074 'neque
768 3016 836 3060 edens
857 3030 943 3074 panem,
969 3029 1041 3074 neque
1061 3015 1138 3063 bibens

176 3078 211 3140 qui
223 3087 330 3126 venturus
341 3085 395 3132 erat,
409 3094 437 3125 sn
448 3079 514 3126 ulium
526 3086 641 3141 exspecte—
674 3078 766 3133 vinum3
782 3085 805 3123 et
816 3077 894 3131 dicitis,
907 3076 1058 3124 Daemonium
1066 3077 1138 3125 habet.

177 3142 267 3188 binius?
377 3190 382 3196 ‚
706 3145 739 3186 54
756 3140 826 3186 Venit
838 3139 907 3186 Filius
918 3140 1014 3186 hominis
1030 3140 1097 3186 edens
1113 3155 1139 3188 sc

207 3211 235 3251 21
255 3204 342 3253 Eisdem
354 3213 428 3253 autem
439 3205 493 3253 hori
507 3208 589 3253 multos
606 3223 641 3252 sa·
674 3205 768 3261 bibens;
790 3211 813 3250 et
823 3204 901 3258 dicitis,
914 3203 981 3256 Ecce,
996 3204 1138 3261 homoednx,

179 3271 362 3325 usntamorbis,
380 3278 403 3316 et
419 3270 518 3332 flagellis,
539 3280 562 3318 et
578 3271 641 3330 spiri-
675 3276 698 3316 et
717 3269 762 3315 vini
781 3276 852 3330 potor,
872 3265 955 3314 amicus
972 3267 1137 3329 publicanorum

174 3330 232 3388 tibus
249 3335 329 3390 malin
352 3341 375 3381 et
391 3337 461 3382 caecis
478 3336 554 3382 multis
571 3335 653 3380 visum·
674 3348 700 3380 sc
711 3333 867 3394 peccatorum!

178 3397 312 3461 gretiilcetus
323 3405 364 3445 est
706 3401 739 3445 55
757 3398 801 3444 Sed
811 3397 933 3458 justificata
948 3404 982 3443 est
999 3396 1110 3458 Sapientis
1126 3415 1139 3450 ι

208 3467 239 3506 22
256 3461 289 3508 Et
300 3462 435 3522 respondens
447 3459 520 3516 Jesus,
536 3462 591 3507 dixit
602 3471 640 3517 ets,
674 3459 724 3508 r'rliis
735 3462 780 3508 suis
792 3463 900 3508 omnibus.

181 3523 275 3573 l'rolecti
286 3527 420 3584 annunciate
435 3525 517 3574 Jounni
533 3541 590 3586 quse
606 3527 640 3572 vi·
706 3531 738 3572 56
754 3525 882 3586 {Rogavit
898 3533 972 3570 sutem
988 3541 1039 3572 curn
1051 3527 1137 3588 quidum

177 3587 236 3636 distis
248 3597 271 3636 et
281 3590 390 3644 audistis;
411 3606 489 3637 coccos
500 3591 573 3636 visum
584 3591 640 3636 reci·
674 3604 703 3635 ex
716 3589 839 3635 Pharisaeis
850 3597 876 3634 ut
892 3604 966 3634 secum
983 3591 1055 3637 cibum
1072 3608 1137 3654 cape·

177 3667 234 3712 pere,
244 3650 336 3700 enidos
347 3655 465 3709 nnnbulnre,
476 3655 576 3716 leprosos
586 3669 640 3714 pur·
674 3663 724 3700 ret:
748 3654 822 3712 itusque
832 3652 946 3713 ingressus
957 3654 1047 3703 domum
1057 3655 1136 3706 Plssri·

178 3717 231 3775 gari.
242 3717 321 3764 surdos
332 3718 413 3770 audire,
425 3729 525 3766 mortuos
533 3717 639 3772 susciten,
674 3715 844 3766 sucidiscubuit.
1136 3747 1138 3755 ι

178 3782 307 3841 purprnilrus
317 3781 474 3890 cvangeppnri.
705 3786 737 3830 57
755 3781 787 3828 Et
797 3795 856 3835 ecce,
868 3780 952 3836 mulier,
964 3797 1021 3844 quse
1031 3781 1099 3832 suern
1115 3782 1137 3830 lu
