2734 4314
389 833 669 895 EVANGELIUM
688 835 834 893 secundum
855 827 1004 896 Luchs!

391 995 466 1045 CAP.
491 995 509 1042 l.
750 1000 780 1042 14
797 997 829 1043 Et
840 998 860 1043 is
870 997 912 1043 erit
923 999 960 1044 tibr
977 998 1059 1059 gaudio
1069 1005 1092 1044 et
1104 1013 1176 1046 ersa.-

283 1059 425 1108 UONIAM
440 1061 504 1106 multi
519 1075 620 1122 aggressi
632 1067 685 1107 sunt
716 1061 810 1118 tationi;
827 1061 934 1122 multique
952 1078 1017 1123 super
1032 1065 1079 1124 ejus
1099 1065 1178 1110 nahei-

306 1141 439 1188 componere
449 1126 597 1172 narrationem
608 1141 684 1171 earum
716 1132 761 1170 tate
771 1125 905 1186 gaudebunt.

220 1205 299 1244 reruni,
310 1194 403 1250 quarum
414 1190 479 1252 plena
494 1189 548 1235 fides
563 1189 626 1235 nobis
636 1189 683 1236 fac·
751 1191 779 1234 15
796 1189 848 1234 Erit
858 1190 917 1234 enim
932 1195 1027 1250 magnus
1038 1189 1060 1236 in
1072 1205 1178 1252 conspee·

220 1259 241 1301 ιι
252 1261 292 1308 est,
714 1258 740 1297 tu
752 1251 852 1306 Domini,
864 1260 887 1298 et
898 1254 974 1298 vinum
989 1254 1124 1314 siceramque
1135 1269 1176 1300 nor

251 1322 266 1362 2
284 1317 355 1363 Prout
378 1317 513 1362 tradiderunt
532 1316 594 1361 nobis
612 1315 649 1376 qui
671 1331 685 1362 a
715 1316 788 1372 bibet;
805 1322 828 1362 ct
846 1317 929 1377 Spiritu
949 1318 1032 1364 Sancto
1047 1319 1180 1380 implebitur,

219 1381 324 1442 pincipio
342 1389 476 1441 spectatores
494 1381 536 1441 rpsi
555 1389 577 1426 et
590 1381 684 1425 r'rinistri
717 1381 782 1426 etiam
793 1396 807 1426 a
817 1388 894 1426 ventre
904 1382 981 1426 matris
992 1397 1061 1428 suaet

219 1445 307 1490 luerunt
318 1444 442 1490 sermonis:
751 1447 780 1490 16
808 1443 939 1504 Multosque
967 1444 1062 1490 filiorum
1091 1444 1180 1494 Israiilit

250 1511 266 1552 5
284 1507 364 1554 Visum
375 1515 410 1553 est
420 1507 473 1553 mihi
482 1507 555 1561 etiam,
565 1507 640 1554 omnia
650 1507 683 1554 rd-
716 1515 832 1554 convertet
843 1509 870 1554 ad
882 1509 1008 1554 Dominum
1025 1509 1103 1556 Deum
1119 1511 1178 1571 ipso·

218 1567 242 1618 td
253 1573 349 1631 repetita
366 1571 454 1632 penitus
469 1578 595 1632 assequuto,
607 1571 684 1617 orrbne
716 1587 772 1618 rum.

218 1637 260 1680 Jta
275 1635 309 1690 ad
331 1642 353 1682 te
375 1637 475 1689 scribere,
497 1635 684 1697 praestantissime
750 1639 779 1683 17
796 1635 857 1682 Nam
866 1637 912 1698 ipse
920 1637 1064 1697 praecedetis
1073 1653 1180 1698 conspec-

219 1697 355 1760 Theophile:
716 1706 741 1746 tu
752 1701 799 1763 eJus
814 1716 865 1746 cum
882 1701 958 1761 spiritu
973 1708 996 1746 et
1012 1703 1094 1748 vinute
1110 1701 1180 1757 Elias,

251 1767 267 1808 4
288 1763 319 1809 Ut
330 1779 438 1826 agnoscas
449 1779 525 1810 earum
539 1778 612 1809 rerum
625 1763 683 1810 veri-
717 1771 742 1810 ut
756 1759 872 1810 convertat
890 1765 958 1810 corda
975 1766 1099 1826 patrumm
1116 1765 1180 1820 lilios,

219 1833 293 1881 tatem,
305 1843 359 1888 quas
370 1828 482 1874 auditione
493 1828 602 1888 accepisti
716 1834 739 1874 et
750 1828 841 1874 rebelles
854 1829 882 1875 ad
898 1829 1037 1890 prudentiam
1048 1831 1162 1891 justorum
1172 1847 1180 1886 3

218 1895 233 1938 5
310 1889 370 1938 UIT
381 1893 456 1938 diebus
469 1891 568 1938 Herodis
579 1891 682 1938 illiusre·
717 1899 809 1953 utparet
817 1892 918 1938 Domino
927 1893 1031 1954 populum
1040 1894 1180 1940 instructum.

326 1956 361 2017 gis
371 1955 470 2003 Judaeae
481 1956 583 2002 sacerdos
594 1957 682 2017 quidam
750 1959 778 2000 18
797 1956 864 2002 Tunc
882 1957 937 2002 dixit
957 1957 1073 2003 Zacharias
1091 1957 1180 2018 angelo,

218 2017 308 2065 nomine
328 2021 451 2074 Zacharias,
468 2035 496 2066 ex
510 2021 579 2066 classe
595 2021 682 2076 Abiae;
716 2019 770 2073 Quo
787 2028 921 2080 argumento
939 2021 996 2066 istud
1012 2021 1120 2067 noscam?
1137 2038 1180 2082 ego

219 2099 275 2128 uxor
287 2080 340 2129 vero
351 2084 419 2144 ipsius
434 2091 484 2130 erat
498 2099 527 2129 ex
538 2083 622 2130 filiabus
634 2084 681 2129 Aa·
715 2085 773 2130 enim
792 2099 841 2130 sum
859 2099 933 2140 senex,
951 2095 973 2130 et
991 2101 1047 2131 uxor
1062 2101 1111 2132 mea
1127 2101 1179 2146 pro·

219 2161 274 2202 ron3
291 2155 315 2192 et
326 2161 407 2192 nomen
418 2148 465 2208 ejus
476 2147 614 2193 Elizabetha
716 2154 780 2194 vecta
790 2155 824 2194 cst
834 2156 912 2195 aetate.

250 2215 265 2256 6
283 2210 355 2256 Erant
366 2219 440 2256 autem
452 2211 508 2272 justi
519 2213 583 2257 ambo
595 2211 617 2258 ln
628 2227 683 2257 con·
751 2215 781 2260 19
797 2212 830 2258 Et
841 2213 1075 2274 respondensangelus
1087 2213 1142 2258 dixit
1153 2214 1179 2267 ei,

218 2283 295 2336 spectu
319 2274 370 2329 Dei,
390 2275 516 2322 incedentes
538 2276 561 2321 in
583 2277 685 2322 omnibus
718 2275 771 2338 Ego
788 2293 838 2323 sum
856 2275 952 2332 Gabriel,
964 2278 1001 2338 qui
1016 2279 1079 2323 adsto
1090 2278 1113 2322 in
1124 2293 1179 2324 con·

219 2339 325 2385 mandatis
342 2341 371 2385 et'
381 2341 573 2386 constitutionibus
590 2341 684 2386 Domini
717 2348 792 2401 spectu
805 2341 867 2398 Dei3
885 2341 1008 2401 missusque
1017 2357 1066 2386 sum
1078 2348 1103 2386 ut
1114 2349 1136 2387 te
1147 2342 1179 2388 al·

221 2400 339 2464 inculpate.
717 2405 799 2465 loquar,
811 2411 834 2450 et
844 2406 898 2451 haec
909 2406 946 2450 tibi
959 2405 1016 2450 laeta
1026 2407 1137 2451 nunciem.

250 2471 264 2514 7
285 2468 333 2514 Nec
345 2477 391 2514 erat
402 2469 433 2514 eis
444 2469 523 2530 proles,
536 2486 562 2515 eo
576 2465 634 2529 qudd
645 2485 681 2514 cs·
747 2473 779 2515 20
796 2469 828 2514 Et
838 2484 896 2523 ecce¹
909 2469 988 2523 silebis,
998 2484 1038 2514 nec
1048 2469 1106 2530 loqui
1115 2477 1178 2530 pote·

219 2536 251 2576 set
264 2531 396 2578 Elizabetha
411 2534 498 2587 sterilis,
515 2539 538 2578 et
554 2534 618 2578 arnbo
629 2549 681 2593 pro·
716 2533 751 2586 ris,
774 2535 805 2578 ad
826 2549 878 2579 eum
901 2549 970 2592 usque
987 2534 1045 2578 diem
1063 2549 1108 2593 quo
1126 2535 1180 2580 haec

219 2595 275 2640 vecti
283 2598 331 2656 Jam
342 2603 416 2642 essent
427 2604 504 2642 aetate.
713 2596 783 2643 liant:
802 2594 830 2643 ed
841 2593 899 2658 qudd
916 2612 962 2642 non
971 2598 1081 2642 credidisti
1094 2613 1178 2644 senno·

251 2663 264 2702 8
284 2659 380 2704 Factum
388 2666 423 2704 est
438 2668 519 2713 autem,
536 2667 563 2708 ut
576 2674 644 2719 quum
663 2660 681 2705 is
714 2661 778 2707 nibus
789 2661 851 2716 meis,
863 2662 900 2722 qui
916 2661 1064 2722 implebuntur
1080 2669 1180 2724 tempore

218 2721 340 2767 sacerdotio
355 2722 485 2782 fungeretur
500 2724 523 2768 in
539 2724 614 2768 ordine
630 2739 682 2770 suae
714 2740 762 2770 suo.

218 2785 293 2830 classis
304 2794 355 2830 ante
367 2784 451 2840 Deum,
747 2793 775 2834 21
796 2787 853 2834 Erat
864 2796 937 2835 autem
946 2789 1041 2850 populus
1049 2797 1179 2850 exspectans

250 2847 408 2896 9Secunddm
427 2851 492 2896 ritum
509 2849 628 2896 functionis
646 2867 681 2897 sa·
716 2853 844 2898 Zachariam
856 2870 864 2909 ;
889 2861 913 2900 et
931 2854 1065 2900 mirabantur
1083 2851 1142 2914 quaid
1161 2869 1179 2900 rs

219 2913 341 2968 cerdotalis,
354 2914 444 2960 sortitus
461 2915 489 2960 sit
500 2930 583 2960 munus
595 2915 681 2961 suffitds
715 2917 810 2962 tardaret
820 2918 843 2962 in
854 2917 944 2979 templo.

218 2977 317 3033 faciendi,
329 2978 473 3040 ingrediendo
481 2979 503 3024 in
514 2979 619 3040 templum
630 2979 681 3025 Do·
747 2985 779 3026 22
795 2982 840 3028 Ille
851 2979 904 3028 verri
915 2996 1018 3042 egressus
1032 2995 1078 3026 non
1094 2987 1180 3042 poterat

218 3042 278 3088 atini.
715 3044 747 3091 eis
757 3044 834 3105 loquiz
853 3053 876 3092 et
890 3051 1030 3107 agnoverunt
1044 3061 1096 3091 eum
1111 3046 1179 3092 visio·

252 3111 282 3152 10
298 3105 357 3152 Tota
368 3103 422 3153 vert
434 3107 550 3154 multitudo
562 3108 637 3170 populi
647 3107 682 3154 fo·
716 3123 767 3154 nem
778 3110 893 3155 vidissem
904 3109 1004 3171 templo;
1021 3123 1072 3154 nam
1084 3107 1131 3170 ipse
1143 3111 1178 3156 in·

218 3171 247 3216 ris
258 3171 386 3232 precabatur
397 3179 496 3233 tempore
507 3172 600 3218 suffitus.
714 3174 794 3219 nuebat
802 3173 840 3228 eis,
852 3174 1015 3234 pennensitque
1027 3179 1110 3218 mutus.

252 3239 277 3280 ll
305 3235 375 3281 Visus
396 3243 469 3282 autem
491 3244 526 3281 est
547 3237 566 3281 ei
589 3237 682 3297 angelus
747 3241 778 3282 25
797 3237 828 3284 Et
843 3237 925 3283 factum
939 3244 980 3291 eet,
992 3243 1017 3284 ut
1031 3237 1116 3298 impleti
1128 3245 1179 3283 suat

220 3297 319 3354 Domini,
331 3308 392 3345 stans
403 3300 431 3345 ad
442 3300 541 3344 dextram
553 3301 626 3345 altan's
634 3301 679 3346 suf·
715 3301 761 3346 dies
783 3301 897 3346 ministerii
920 3301 994 3364 ipsius,
1016 3301 1067 3346 abiit
1089 3301 1178 3348 doraum

218 3361 276 3408 tras.
715 3379 784 3410 suan.

253 3429 282 3472 12
300 3426 332 3473 Et
350 3425 467 3474 Zacharias
478 3443 502 3473 eo
518 3425 567 3472 viso
584 3427 683 3474 turbatus
748 3431 778 3473 24
797 3427 853 3474 Post
868 3429 919 3476 illos
932 3439 1005 3475 sutem
1019 3429 1066 3475 dier
1080 3435 1178 3493 cantepia

220 3497 258 3543 est,
270 3500 293 3536 et
304 3491 370 3537 timor
380 3490 457 3537 incidit
468 3491 490 3536 in
502 3506 560 3536 eum.
715 3491 848 3539 Elizabetha
859 3508 916 3539 uxor
926 3495 980 3554 eius,
992 3499 1015 3538 et
1026 3493 1146 3540 occultavit
1157 3510 1178 3542 se

253 3558 281 3600 15
299 3554 365 3601 Dixit
384 3563 457 3602 autem
479 3556 498 3600 ei
521 3555 620 3616 angelus,
644 3555 682 3601 Ne
714 3571 801 3602 menses
813 3557 915 3617 quinque,
928 3557 1009 3609 dicens,

219 3631 277 3670 ame,
290 3618 408 3664 Zacharia:
427 3634 478 3665 nam
489 3620 592 3666 exaudita
600 3627 634 3664 est
642 3620 680 3664 de·
747 3624 777 3666 25
797 3620 884 3681 Nempe
896 3622 927 3668 ita
937 3621 990 3666 mihi
1001 3620 1054 3666 fecit
1067 3620 1177 3666 Dominus

220 3683 314 3732 precatio
326 3689 377 3738 tua3
395 3697 495 3742 uxorque
503 3691 541 3729 tua
550 3683 683 3730 Elizabetha
714 3683 789 3730 diebus
800 3685 878 3743 quihus
894 3700 930 3730 me
946 3685 1038 3730 intuitus
1050 3693 1090 3736 est,
1103 3693 1128 3730 ut
1139 3701 1174 3730 au·

211 3747 296 3808 gignet
310 3745 346 3789 tibi
365 3745 441 3798 lilium,
458 3761 481 3790 et
498 3747 585 3792 vocabis
600 3761 681 3792 nornen
714 3747 896 3808 ferreeprosrum
912 3748 966 3794 illud
982 3763 1056 3794 meum
1068 3749 1126 3793 iuter
1138 3755 1169 3794 hc

220 3813 265 3862 eius
277 3807 395 3854 Joanncm.
715 3818 791 3848 mines.

490 3873 519 3916 02
