2734 4314
492 399 721 458 murmanus,
745 400 815 453 XIV.

183 511 220 557 58
240 506 324 570 Neque
335 507 409 556 edidit
421 507 569 555 illicvirtute's
576 509 636 556 mul·
667 509 797 571 praeteriit3
815 509 902 556 dimitte
909 510 1002 566 turiani,
1015 527 1039 559 us
1051 527 1128 562 essum

155 587 194 623 u.
207 581 302 636 propter
317 573 502 620 incredulitatem
513 587 598 620 eorrmr.
668 583 703 619 tes
714 574 736 618 in
748 574 811 620 vicos
821 581 898 621 emant
908 574 948 620 sibi
959 591 1029 622 serres.

702 641 732 684 16
748 637 815 685 Jesus
826 645 902 684 autem
913 639 969 685 dixit
977 639 1015 694 eis,
1026 640 1081 688 Nou
1093 642 1129 690 ha·

310 697 388 748 CAP.
416 697 489 746 xiv.
667 701 720 746 bent
732 717 822 748 necesse
833 703 909 760 abire3
926 703 977 749 date
993 705 1132 766 eisvosquo

196 762 268 810 LLO
277 763 632 824 temporeaudivitHerodeste·
667 773 792 812 vescantur.
1065 801 1068 808 .

215 828 400 875 trarchasarnam
412 830 442 874 de
453 827 524 875 Jesus
702 833 730 876 17
749 827 794 891 Ipsi
807 826 861 876 cerd
871 829 948 876 dicunt
959 831 986 886 ei,
999 831 1053 878 Non
1065 833 1132 880 liobe·
1206 872 1208 876 .

192 897 210 938 2
228 893 262 938 Et
272 893 330 938 dixit
341 892 418 953 pueris
430 892 483 946 suis,
491 890 538 938 iste
546 900 581 938 est
591 890 633 941 Jo-
667 908 718 939 mus
736 894 772 940 hic
790 895 831 940 nisi
845 895 942 956 quinque
956 909 1025 958 putes
1039 903 1061 942 et
1081 898 1132 946 lucr

159 971 232 1004 annes
251 957 288 1003 ille
308 955 431 1017 Baptista;
453 957 500 1017 ipse
518 958 635 1004 suscitatus
667 958 747 1020 pisces.

159 1029 196 1066 est
207 1036 237 1066 ex
250 1021 352 1080 mortuis,
369 1027 392 1067 et
407 1028 525 1082 propterea
541 1023 633 1068 virtutes
701 1025 730 1066 18
747 1020 799 1082 Ipse
814 1028 889 1070 autem
900 1022 962 1077 dixit,
978 1023 1067 1072 Adierts
1081 1027 1131 1074 nir.

173 1091 235 1146 gunt
247 1085 270 1130 in
281 1100 316 1130 eo.
666 1101 705 1132 eos
717 1086 767 1132 huc.

195 1153 212 1194 δ
230 1148 293 1194 Nam
305 1147 411 1194 Herodes
419 1149 553 1209 prehensum
561 1146 632 1197 Joan-
701 1153 730 1196 19
748 1149 780 1195 Et
786 1145 851 1213 jussi
867 1147 931 1196 turbd
946 1167 987 1213 per
1000 1152 1122 1202 bertrudis

161 1225 217 1260 mem
235 1213 344 1266 vinxerat,
360 1220 384 1258 et
402 1214 528 1274 conjecerat
544 1213 566 1258 in
583 1229 633 1259 car·
665 1214 775 1266 cumbere,
787 1215 883 1274 acceptis
899 1215 996 1275 quiaque
1012 1216 1055 1262 illis
1071 1219 1130 1278 pani.

162 1292 248 1330 cerem,
265 1284 355 1338 propter
372 1276 526 1323 Herodiadem
541 1291 634 1323 uxorem
666 1277 707 1323 bus
719 1291 745 1324 ac
755 1278 842 1324 duobus
858 1279 961 1339 piscibus,
978 1281 1099 1341 suspiciens
1111 1283 1131 1330 is

166 1339 265 1402 Philippi
277 1339 350 1386 fratris
361 1340 403 1386 sui.
666 1341 753 1387 coelum
765 1343 894 1400 benedixit3
911 1350 934 1388 et
945 1359 1013 1404 quum
1021 1344 1131 1407 fregisset.

136 1433 140 1436 -
200 1409 217 1449 4
234 1403 330 1450 Dicebat
344 1405 405 1451 enim
420 1403 441 1450 ei
456 1403 563 1459 Joannes,
580 1403 635 1452 Non
667 1405 728 1451 dedit
744 1407 857 1468 discipulis
874 1423 948 1469 panes,
963 1409 1063 1471 discipuli
1080 1409 1132 1458 rerd

165 1468 219 1515 licet
230 1469 268 1514 tilii
279 1483 328 1514 eam
340 1469 428 1514 hebere.
668 1471 750 1516 turbae.

199 1535 215 1580 5
233 1532 265 1578 Et
275 1547 344 1593 quum
355 1538 448 1594 cuperet
460 1547 512 1578 eum
527 1533 635 1588 occidere,
700 1539 732 1580 20
748 1534 781 1582 Et
791 1535 936 1582 comederunt
944 1545 1059 1591 ornneset
1070 1547 1131 1586 sstu-

168 1596 271 1644 timuerat
281 1597 375 1652 turbam,
389 1592 450 1658 qudd
464 1612 515 1642 eum
530 1597 636 1644 haberent
667 1597 708 1644 rati
717 1607 783 1645 sunts
800 1600 981 1662 sustuleruntque
988 1603 1048 1663 quod
1055 1619 1132 1664 super·

167 1661 340 1722 utprophetam.
666 1661 739 1710 fuerat
756 1663 941 1725 fragmentorum,
958 1665 1074 1714 duodecim
1092 1683 1130 1714 co-

200 1730 216 1772 6
233 1725 310 1779 Quum
321 1731 396 1771 autem
407 1731 527 1785 agerentur
538 1725 636 1772 natalitia
666 1727 746 1788 phinos
757 1728 842 1790 plenos.

171 1787 275 1841 Herodis,
287 1789 406 1836 saltaverat
416 1789 461 1834 filia
470 1788 603 1836 Herodiadis
612 1791 634 1836 in
700 1795 728 1837 21
748 1792 795 1845 Qui
815 1799 889 1838 autem
905 1794 996 1840 ederunt
1013 1791 1077 1842 iuire
1091 1796 1132 1842 vin'

168 1853 247 1906 mulio,
258 1860 283 1899 et
291 1853 405 1915 placuerat
417 1852 511 1900 Herodi.
666 1855 728 1915 quasi
745 1856 861 1917 quinquies
877 1857 943 1908 mille,
956 1859 1037 1919 sisque
1053 1859 1132 1906 mulie·

200 1919 214 1964 'i
234 1917 302 1964 Unde
312 1933 363 1963 curn
373 1918 519 1981 jurejurando
536 1933 632 1980 spopon-
666 1920 726 1965 ribus
736 1935 762 1966 ac
773 1920 877 1980 puerulis.

169 1981 235 2038 derat,
248 1997 271 2028 se
282 1981 384 2028 daturum
400 1997 421 2028 er
435 1981 539 2042 quicquid
556 1983 632 2045 petiis-
699 1988 730 2029 22
747 1983 803 2045 {Et
814 1984 888 2030 statim
900 1984 974 2046 adegit
988 1983 1055 2034 Jesus
1066 1986 1132 2035 disci·

168 2053 208 2092 set.
664 2048 729 2109 pulos
740 2063 793 2095 suos
804 2048 932 2096 inscendere
944 2049 966 2096 in
978 2050 1098 2113 navigium
1110 2060 1132 2100 et

199 2113 214 2156 8
233 2108 275 2156 illa
285 2106 339 2156 verd
349 2109 492 2172 praedoctae
503 2118 573 2157 matre
585 2108 631 2166 sui,
663 2113 748 2174 praeire
759 2113 798 2160 sihi
811 2114 833 2160 in
851 2113 919 2176 ripam
931 2114 1021 2162 alteram
1033 2116 1086 2162 dum
1097 2117 1130 2162 di·

129 2215 132 2221 ,
169 2173 208 2220 Da
218 2174 278 2227 mihi,
291 2174 368 2234 inquit,
386 2175 422 2220 hic
438 2175 461 2220 in
477 2173 551 2236 patinis
565 2183 632 2237 caput
663 2177 761 2224 mitteret
772 2178 865 2224 turbam.
944 2201 947 2210 ·

168 2235 264 2286 Joannis
275 2237 398 2300 Baptistae.
698 2245 730 2286 23
747 2239 848 2288 Dimissi
864 2242 933 2304 igitur
948 2240 1016 2298 turbd,
1033 2245 1132 2292 escendit

201 2307 217 2350 9
234 2301 267 2348 Et
277 2301 422 2348 contristatus
433 2301 504 2349 iuerat
519 2317 574 2349 rex:
594 2303 633 2349 aed
665 2304 688 2350 in
710 2313 810 2350 montem
832 2306 935 2366 privatim
957 2307 985 2352 sd
1006 2309 1130 2357 orandumr

168 2381 221 2427 prop
227 2366 428 2484 epgppp'ppqndum,
433 2373 509 2476 teqpos
520 2367 557 2427 qui
569 2368 635 2414 simul
666 2375 827 2479 quumfflputem
841 2383 914 2414 serum
930 2370 972 2416 diei
989 2379 1054 2426 esset,
1072 2373 1132 2420 solus

169 2445 245 2478 eccum
355 2445 433 2476 ussera
481 2445 505 2476 n.
667 2441 715 2479 erat
759 2447 778 2478 c.

202 2498 233 2540 10
250 2493 288 2548 Et,
300 2446 369 2540 misio
380 2495 634 2558 corin'fice,·decollave·
699 2501 732 2542 24
749 2495 873 2558 Navigium
889 2493 941 2542 verd
954 2497 1002 2560 jam
1019 2497 1042 2543 in
1059 2500 1131 2546 medio

170 2565 201 2604 rut
212 2557 323 2606 Joannem
335 2559 358 2604 in
370 2573 466 2604 carcere·
667 2562 734 2608 maris
745 2568 799 2616 erat,
811 2568 916 2608 vexatum
926 2561 1065 2610 etiuctibus:
1079 2579 1130 2612 nam

202 2625 228 2668 11
252 2622 285 2668 Et
301 2623 393 2670 allatum
412 2621 485 2669 iuerat
502 2630 569 2686 caput
587 2625 635 2686 ejus
665 2636 747 2672 ventus
758 2633 805 2672 erat
816 2627 947 2673 contrarius.

169 2683 517 2797 :tittltniititttlt
525 2705 533 2745 ⁵
550 2690 634 2749 ⁹²¹²''⁰
667 2687 1131 2805 ni⁵sqiiiisiiimsiiiiidi¹³i

203 2818 234 2860 12
250 2813 283 2861 Et
290 2829 360 2876 quum
371 2815 516 2862 accessissent
532 2815 633 2878 discipuli
666 2833 734 2865 mare.
1093 2774 1120 2819 pc

169 2880 223 2941 ejus,
241 2879 381 2925 sustulerunt
399 2893 479 2940 corpus
490 2880 555 2935 illius,
568 2881 632 2927 illud·
698 2887 730 2930 26
747 2881 780 2929 Et
790 2899 818 2929 eo
829 2882 877 2929 viso
894 2899 961 2944 super
975 2899 1037 2932 marc
1052 2886 1130 2932 umbu-

169 2958 212 3004 que
223 2943 373 3004 sepelierunt;
390 2951 543 3005 venenmtque
559 2952 582 2991 et
598 2960 633 2992 re·
666 2945 732 3002 lente,
744 2947 844 3009 discipuli
860 2948 940 2994 turbati
954 2955 1012 3002 sunt,
1024 2949 1131 3002 dicentes,

170 3007 330 3054 nunciaverunt
344 3005 408 3055 Jesu.
668 3011 785 3072 Spectmm
801 3018 848 3057 est:
866 3018 889 3057 et
906 3026 959 3073 prse
972 3020 1033 3059 metu
1048 3011 1129 3060 cisini-

203 3075 233 3117 15
251 3073 319 3120 Haec
329 3070 399 3132 igitur
409 3072 581 3131 quumeudisset
592 3071 633 3121 Je·
667 3085 726 3122 runt.
1087 3079 1092 3086 '

169 3151 213 3190 sus,
224 3136 316 3182 secessit
327 3135 411 3182 illince
422 3136 513 3198 navigio
523 3137 547 3183 in
557 3137 633 3184 deser·
699 3141 730 3184 27
748 3137 793 3183 Sed
804 3137 877 3183 statim
889 3135 993 3196 loquutus
1002 3145 1037 3184 est
1047 3139 1079 3184 eis
1090 3139 1131 3188 Je-

169 3211 215 3245 tum
235 3200 309 3246 iocum
329 3199 449 3261 privatim
466 3207 490 3248 et
505 3215 574 3261 quum
592 3203 634 3248 itoc
666 3217 711 3255 sus,
723 3201 805 3255 dicens,
819 3199 946 3256 Confidite;
963 3217 1007 3263 ego
1019 3217 1085 3262 sum;
1103 3221 1129 3253 m

169 3263 265 3311 audisset
283 3263 354 3316 turba,
376 3263 467 3326 pedibus
486 3271 580 3325 sequute
600 3271 635 3310 est
667 3267 750 3312 timete.

170 3343 219 3374 eom
231 3329 258 3374 ab
269 3328 367 3374 urbibus
700 3334 731 3375 28
751 3327 900 3390 Respondens
918 3338 991 3376 sutrin
1010 3329 1029 3376 ei
1050 3330 1130 3380 Petrus

202 3395 232 3438 14
248 3395 265 3452 1
276 3391 308 3438 Et
319 3407 424 3454 egressus
434 3391 502 3440 iesus
510 3392 566 3440 vidit
576 3393 634 3440 mul-
668 3395 730 3449 dixit,
741 3393 848 3448 Domine,
860 3394 878 3440 si
890 3402 955 3448 tues,
967 3395 1018 3458 jube
1030 3411 1066 3444 mc
1074 3398 1101 3444 ei
1109 3408 1128 3446 tr

170 3465 212 3503 tsrn
223 3457 329 3513 turbam
346 3462 370 3503 et
379 3458 572 3504 commiseratione
582 3458 635 3503 inti·
668 3459 744 3506 venire
755 3473 821 3519 super
860 3473 905 3505 uas.

171 3517 204 3567 sai
219 3526 348 3566 commotus
361 3527 396 3566 est
411 3535 525 3583 argaeos,
538 3522 635 3568 sanavit-
701 3528 732 3572 29
749 3520 930 3583 Ipseverodixit,
939 3521 1004 3570 Veni.
1023 3523 1055 3572 Et
1062 3541 1129 3588 quum

170 3600 210 3648 que
220 3600 300 3632 eorum
311 3590 425 3646 oegroto&
668 3587 817 3634 descendisset
835 3601 848 3631 e
867 3587 957 3649 nav'qgio
976 3587 1064 3644 l'etrus,
1082 3605 1125 3637 am·

201 3652 230 3697 15
248 3649 328 3706 Quum
340 3655 414 3695 eutem
431 3665 505 3696 serum
517 3648 559 3695 dici
570 3657 635 3704 esset,
667 3652 751 3698 bularit
762 3664 828 3711 super
839 3664 912 3711 squas,
924 3661 949 3698 ut
956 3653 1043 3700 veniret
1053 3654 1128 3704 adJe»

170 3715 333 3762 sdierunteum
345 3713 444 3774 discipul
462 3715 517 3776 ejrrs,
529 3713 634 3764 dicentes,
667 3730 731 3762 sum:

171 3777 282 3826 Desertus
301 3782 336 3824 sst
354 3776 426 3885 locuq
441 3785 464 3826 et
483 3786 572 3839 tempus
589 3776 634 3838 lam
699 3783 732 3822 30
748 3775 1123 3829 Videnssutemveatomraiidam
