2756 4320
590 400 702 456 ACTA.
725 399 769 448 xl.

190 511 436 560 unoneetveneraut
453 520 505 550 cnm
526 504 600 559 Petro,
620 506 660 550 ob-
692 512 744 550 runt
764 514 838 554 eutem
861 519 947 552 mecum
969 505 1035 552 etiem
1058 519 1098 552 sex
1118 502 1153 552 ist

190 576 330 630 stupuerunt,
342 566 403 629 qudd
413 569 513 616 etiemin
532 576 611 630 gentes
627 569 660 614 ef·
691 569 780 622 fratres,
788 577 811 616 et
821 570 915 631 ingressi
927 584 1003 616 sumus
1014 570 1105 616 domurn
1114 570 1155 617 rin

191 631 267 680 iusum
279 639 338 678 esset
348 633 434 678 donum
448 633 543 692 spiritus
555 633 648 678 Sancti:
691 631 764 678 illius:

224 700 257 742 46
274 697 401 742 Audiebant
412 697 474 741 enim
491 711 530 741 ens
548 696 663 755 loquentes
727 700 757 741 15
774 695 819 750 Qui
826 697 969 743 annunciavit
977 697 1155 758 nobisquornodc

192 759 282 821 linguis,
290 775 317 812 ac
325 758 494 820 magnificantes
502 759 585 806 Deum.
597 759 662 806 Tunc
693 760 783 806 vidisset
794 761 899 821 angelum
908 761 967 806 domi
976 777 1035 814 suae,
1042 763 1079 822 qui
1088 761 1157 807 sdsti·

193 825 307 884 respondit
319 823 408 876 Petrus,
693 824 755 869 tisset
766 839 791 870 ac
802 824 893 870 dixisset
904 825 951 885 ipsi,
970 825 1056 870 Mittite
1072 825 1157 886 sliquos

226 891 258 934 47
276 887 340 934 Num
351 887 400 947 quis
410 901 491 947 aquarn
499 887 614 948 prohibere
621 902 662 947 po·
693 887 788 947 Joppen,
799 894 823 933 et
830 903 917 933 accerse
930 888 1043 934 Simonem
1054 888 1091 949 qui
1103 903 1158 950 tog·

193 959 245 1003 test,
265 951 384 1011 quominus
400 952 505 998 uidelicet
524 950 664 1010 baptizentur
693 951 819 996 nominatur
832 949 926 996 l’etrusr

195 1015 277 1075 'etqui
290 1015 396 1074 Spiritum
409 1015 516 1060 Sanctum
532 1021 663 1075 acceperunt
727 1017 758 1060 14
775 1015 820 1068 Qui
842 1015 879 1059 tibi
901 1030 928 1060 ee
945 1015 1043 1060 dicturus
1063 1024 1105 1070 est,
1122 1029 1158 1078 pu

195 1079 255 1124 sicut
265 1087 288 1124 et
299 1093 340 1122 nos
348 1077 359 1122 i
693 1093 749 1138 quae
760 1085 784 1123 tu
796 1078 889 1124 serveris
899 1087 923 1122 et
933 1085 980 1124 tots
990 1078 1069 1124 domus
1077 1087 1121 1126 tua.

228 1145 259 1186 48
276 1140 390 1202 ,iussitque
404 1157 444 1186 eos
459 1141 567 1203 bsptizsn'
585 1141 663 1200 inno·
729 1143 758 1188 15
775 1141 853 1194 Quum
864 1147 937 1187 autem
949 1142 1070 1201 coepissem
1090 1142 1157 1203 loqui,

196 1219 248 1252 nen
260 1205 361 1250 Domini.
394 1204 460 1251 Tunc
470 1212 605 1267 rogaverunt
613 1221 663 1251 eum
693 1205 784 1266 illapsus
794 1211 829 1250 est
841 1205 935 1265 Spiritus
953 1205 1056 1258 Sanctus,
1075 1206 1097 1250 in
1114 1223 1159 1260 coe

195 1281 221 1316 ut
231 1271 263 1315 thr
274 1279 413 1330 permaneret
423 1270 452 1315 ad
462 1270 508 1315 dies
519 1270 608 1330 aliquot.
694 1269 878 1328 quemadmodum
895 1275 918 1314 et
936 1269 959 1314 in
977 1283 1018 1314 nos
1035 1270 1057 1314 in
1075 1271 1158 1331 prinei·

709 1347 738 1378 ιο.

357 1395 431 1444 CAP.
453 1395 499 1444 XI.
693 1349 758 1454 plfi
775 1395 1159 1445 Recordatussumverdilliusdizti

265 1459 453 1508 UDlEllUNT
461 1469 535 1507 autern
541 1460 634 1521 apostoli
641 1468 664 1508 et
695 1455 796 1514 Domini,
807 1476 876 1521 quum
888 1461 976 1514 diceret,
993 1461 1093 1508 Joannes
1108 1463 1158 1524 qui·

278 1524 357 1571 fratres
363 1525 399 1585 qui
405 1526 496 1571 erantin
504 1522 596 1578 Judaet,
604 1539 663 1586 geu-
694 1520 745 1570 ddm
756 1525 877 1586 baptizavit
888 1522 950 1585 aquei,
963 1541 1004 1571 ros
1018 1526 1072 1573 verri
1088 1529 1158 1590 bapti·

195 1601 231 1636 tea
240 1588 307 1635 etiam
318 1589 427 1649 recepisse
434 1603 559 1634 sermonem
573 1588 626 1634 Dei.
695 1589 799 1634 zabimini
812 1589 895 1650 Spiritu
908 1590 998 1635 Ssncto.

228 1655 245 1696 2
262 1651 339 1705 Quum
350 1651 563 1713 igiturascendisset
581 1652 662 1698 Petrus
728 1656 756 1698 17
774 1652 897 1713 Postquam
908 1653 977 1714 igitur
987 1667 1027 1714 par
1045 1654 1098 1700 illud
1117 1655 1158 1700 do·

196 1713 386 1776 Hierosolymam,
398 1714 548 1776 disceptirunt
556 1717 662 1762 adversus
694 1731 747 1762 num
756 1716 815 1762 dedit
826 1719 858 1762 eis
871 1716 941 1768 Deus,
950 1723 1003 1762 utet
1012 1718 1081 1770 nohis,
1090 1734 1158 1778 quum

176 1794 249 1888 ’ωῐὸῃ
260 1788 377 1896 llllieserillllsl,
385 1781 659 1904 {delglldllcpslddpedtium
693 1779 1060 1904 cCliiuldCrdirllquilllermIdrolngldugri
1079 1780 1158 1891 ἓξὲξ]

195 1906 301 1953 habentes
311 1907 412 1962 introisti,
429 1914 452 1954 et
469 1904 514 1953 und
530 1908 593 1954 edisti
612 1923 663 1952 curn
694 1921 781 1968 possem
794 1905 910 1951 inhibere?

196 1971 239 2016 eis.
728 1973 757 2015 18
775 1968 820 2016 His
837 1978 910 2015 sutem
927 1969 1006 2016 auditis
1022 1971 1159 2030 quieverunt,

228 2033 363 2081 4Frxorsus
384 2042 458 2081 autem
482 2033 569 2090 Petrus,
586 2035 663 2080 omitia
693 2039 716 2080 et
736 2032 917 2098 glorificaverunt
944 2033 1027 2088 Deum,
1054 2035 1159 2088 dicentes,

152 2107 158 2112 ·
229 2161 596 2224 r,
695 2097 1052 2159 u*

195 2241 260 2272 csnsr
280 2234 303 2272 et
314 2227 385 2272 visum
397 2226 419 2272 in
431 2227 511 2272 mentis
521 2241 613 2272 excessu
630 2226 665 2272 vi·
728 2229 790 2286 191
806 2223 925 2272 Ceetenlm
944 2226 980 2284 qui
999 2226 1090 2286 dispersi
1109 2227 1157 2273 sue·
1185 2239 1188 2244 ’

195 2290 226 2342 di,
242 2305 322 2349 nempe
337 2289 473 2336 descendens
491 2305 531 2336 vas
547 2289 664 2350 quodum,
694 2296 745 2335 raut
755 2303 784 2334 ex
794 2289 912 2334 afflictione
923 2287 971 2334 orti
980 2289 1008 2334 ob
1015 2289 1156 2349 Stephanum,

195 2368 237 2399 oeu
254 2341 346 2398 linteum
362 2368 477 2414 magnum,
494 2353 553 2412 quod
571 2360 666 2414 quatuor
693 2358 843 2412 pervenerunt
854 2367 923 2411 usque
934 2354 956 2398 in
969 2351 1119 2406 Phoenicium,
1136 2363 1159 2402 et

195 2417 302 2462 extremis
312 2416 467 2463 demittebatur
482 2433 495 2463 e
510 2417 580 2470 ooelo,
597 2424 620 2463 et
637 2417 665 2463 ad
696 2415 804 2476 Cyprum,
821 2422 844 2461 et
863 2415 1011 2470 Antiochiam,
1027 2416 1108 2461 nemini
1125 2417 1158 2462 lo·

196 2496 234 2526 me
245 2496 315 2540 nsque
326 2481 393 2526 venit.
694 2489 788 2540 quentes
799 2494 923 2525 sermonem
935 2481 989 2534 Dei,
1002 2479 1043 2524 nisi
1053 2479 1105 2526 soils
1115 2479 1158 2528 Ju-

230 2549 246 2591 6
263 2543 291 2590 ln
303 2544 363 2604 quod
375 2559 443 2604 quum
454 2544 597 2590 intendissem
609 2560 663 2590 ocu·
694 2544 761 2590 dacis.

196 2608 393 2662 iosconsideravi,
410 2616 433 2654 et
451 2609 494 2654 vidi
516 2609 665 2668 quadrupedia
727 2611 759 2654 20
775 2607 848 2654 Erant
858 2612 932 2653 sutem
944 2607 1032 2668 quidam
1046 2605 1123 2670 Cyprii
1137 2617 1159 2656 et

196 2682 274 2726 terrae,
286 2682 309 2718 et
320 2671 385 2727 feras,
394 2680 417 2718 et
427 2673 516 2733 reptilia,
528 2681 551 2718 et
563 2673 664 2718 uolucres
696 2667 843 2732 Cyrenenses,
854 2672 890 2732 qui
903 2671 996 2732 ingressi
1010 2672 1159 2727 Antiochiam,

196 2735 259 2782 coeli.
694 2733 778 2796 loquuti
790 2743 842 2782 sunt
860 2737 960 2792 Graecis,
977 2737 1159 2799 evangelizantes

230 2801 244 2846 7
262 2799 344 2844 Audivi
364 2807 438 2845 autem
456 2815 533 2846 rocem
551 2801 661 2846 dicentem
695 2798 818 2846 Dominum
830 2800 915 2848 Jesum.
1151 2816 1154 2824 ·

125 2866 131 2878 ’
196 2864 256 2917 mihi,
270 2863 349 2924 Surge,
362 2861 435 2916 Petre,
447 2871 520 2910 macta
529 2871 552 2910 et
562 2864 609 2910 ede‘.
726 2868 753 2909 21
774 2864 826 2911 Fuit
837 2872 909 2910 autern
922 2879 999 2911 msnus
1009 2864 1160 2912 Dominicum

230 2931 244 2972 8
262 2926 318 2972 Dixi
330 2923 390 2980 verri,
408 2926 561 2988 Nequaquam,
580 2927 662 2972 Domi·
694 2927 742 2974 eiss
766 2929 892 2986 multusque
913 2943 1024 2980 numerus,
1044 2928 1087 2973 lide
1108 2929 1161 2988 ipsis

197 3005 242 3036 ne:
261 3005 312 3036 narn
324 2990 377 3036 nihii
383 3005 502 3038 commune
510 2999 548 3037 aut
554 2992 664 3052 impurum
696 2988 767 3038 habiti
777 3005 897 3036 conversus
908 2991 976 3034 estad
988 2990 1120 3035 Dominum.

198 3069 295 3115 unquam
306 3054 406 3101 introivit
416 3055 439 3100 in
450 3071 477 3101 os
487 3071 569 3101 meum.
728 3059 759 3099 22
777 3053 883 3100 Pervenit
891 3061 964 3097 autern
984 3053 1019 3097 hic
1039 3067 1115 3097 rumor
1133 3054 1160 3100 ad

231 3117 388 3178 9ltespondit
404 3126 477 3166 autem
494 3119 548 3166 mihi
564 3133 610 3165 vox
629 3134 665 3164 se·
695 3116 875 3164 suresecclesiae
886 3129 943 3174 quse
961 3122 1007 3160 erat
1026 3115 1160 3177 Hierosoly-

14 3167 31 3194 r,
99 3185 106 3198 “
199 3179 371 3237 ennddecoelo,
390 3182 455 3236 Quae
472 3182 537 3230 Deus
555 3183 666 3244 purgavit,
696 3182 754 3227 misr
774 3179 895 3226 emiserunt
905 3178 974 3239 igitur
994 3178 1120 3225 Bnmabam
1138 3189 1160 3228 ut

199 3251 224 3290 tu
234 3260 263 3290 ne
274 3245 373 3306 polluite.
696 3251 799 3308 pergeret
811 3242 953 3289 Antiochiam
965 3257 1041 3302 usque.

233 3311 263 3354 10
280 3306 351 3367 idque
367 3315 402 3354 ter
417 3307 500 3356 facturn
517 3317 558 3363 est,
577 3315 601 3355 et
618 3325 666 3354 rur·
729 3311 761 3354 23
778 3307 824 3361 Qui
832 3322 900 3366 quum
909 3306 1160 3357 advenissetetvidirst‘t

200 3386 237 3417 rus
256 3371 331 3418 omnia
349 3387 436 3418 sursum
454 3381 549 3420 retracta
570 3381 622 3419 sunt
644 3387 666 3419 1n
697 3373 791 3434 gratiam
804 3371 856 3424 Dei,
868 3372 959 3432 gavisus
970 3378 1010 3424 est,
1022 3378 1045 3416 et
1061 3371 1161 3421 hortatus

199 3433 297 3482 eoelum.
697 3445 731 3482 est
743 3451 820 3482 omnes
828 3445 852 3480 ut
860 3435 973 3496 proposito
985 3435 1057 3481 cordis
1074 3450 1160 3495 penna.

235 3502 261 3544 ll
280 3498 346 3552 Tum,
369 3515 428 3552 ecce,
450 3501 529 3547 eodem
551 3507 665 3546 momento
698 3507 776 3546 nerent
787 3515 838 3544 cum
851 3499 968 3549 Domino:

203 3564 247 3608 ires
265 3564 306 3608 vrri
324 3571 500 3623 superuenerunt
517 3565 539 3609 in
560 3563 626 3609 sedes
643 3563 666 3610 iu
730 3567 761 3608 24
779 3563 838 3608 Nam
850 3570 897 3608 eret
908 3562 1029 3616 virbonus,
1046 3573 1069 3608 et
1084 3562 1161 3624 plenus

203 3625 280 3686 quihus
290 3641 357 3680 eram,
370 3625 480 3674 Caesarei
490 3628 552 3673 missi
562 3627 589 3672 ad
600 3641 643 3672 me
699 3626 781 3687 Spiritu
800 3626 881 3672 Sancto
899 3634 922 3671 et
939 3625 997 3672 lide:
1016 3634 1040 3674 et
1061 3627 1161 3690 adjuncti

238 3691 267 3734 12
283 3689 349 3736 Dixit
367 3688 421 3737 verd
439 3692 493 3737 miln
517 3691 619 3751 Spiritus,
641 3698 666 3735 ut
699 3690 883 3736 estmultaturha
895 3689 1002 3737 Domino.

216 3763 263 3796 rem
274 3767 323 3800 cum
334 3755 372 3808 eis,
391 3755 444 3800 nihil
462 3755 571 3800 dubitans.
589 3752 666 3799 Venc·
731 3755 761 3799 25
779 3752 841 3799 Abiit
849 3762 922 3800 nutem
935 3753 1047 3804 Barnabas
1059 3755 1158 3804 Turum
