2756 4320
530 447 647 507 nvcn,
670 449 742 499 XXI.

154 551 201 598 nn
214 551 338 599 nonnum
352 551 432 599 neum
451 551 580 608 nummi
597 559 620 600 οι
650 561 733 607 censes,
768 552 908 617 namur,
940 531 1030 619 nasso
1062 559 1111 608 ns.

155 613 225 662 Dcum
239 615 317 668 isaaci,
328 624 352 662 et
364 615 445 662 Deum
458 616 544 664 Jacohi.
650 617 736 664 erint?
751 626 774 665 et
785 620 844 679 quod
855 622 899 667 m't
918 623 1008 683 siguum
1026 625 1111 684 quande

181 683 212 726 ³8
228 679 294 727 Deus
309 687 384 726 nutem
402 695 450 726 non
467 687 502 726 est
518 689 618 727 mortuo·
650 679 725 728 future
735 691 787 728 tunt
798 683 858 728 ists?

153 757 204 797 nim,
231 745 272 790 sed
297 745 404 790 vivoium
430 745 513 800 Deum·
541 759 619 792 omnes
683 743 767 807 8Ipse
778 744 832 792 veni
843 747 905 801 dixit,
918 747 1000 796 Videte
1011 765 1040 796 ne
1048 752 1112 798 sedu-

152 809 207 854 enim
218 809 298 855 vivunt
309 809 337 854 ei.
650 809 745 866 comini3
763 810 825 856 multi
834 812 894 857 enim
907 814 996 859 venient
1013 816 1053 861 sub
1073 831 1113 863 no·

181 876 212 920 ³9
229 871 403 933 Respondentes
414 879 489 918 nutem
500 873 617 932 eiquidsm
649 873 709 920 mine
719 889 777 927 meo,
788 875 893 928 dicentes,
906 875 959 937 Ego
971 893 1019 924 sum
1036 881 1112 928 etru-

152 951 178 981 ex
188 937 264 983 scribis
275 937 387 991 dixerunt,
402 935 545 998 Praeceptor,
562 937 617 983 bene
648 944 702 982 tus:
720 945 743 983 et
760 945 849 999 tempus
868 939 922 985 iilud
938 944 1111 1005 appropinquem

152 999 229 1047 dixisti.
649 1015 678 1046 ne
689 1001 758 1062 igitur
768 1002 885 1062 sequimini
897 1018 943 1049 eos.

179 1069 220 1140 Ι40
242 1061 295 1111 Nec
316 1061 413 1126 amptius
433 1064 542 1111 nudebsnt
565 1077 616 1111 eum
682 1064 792 1140 9tQuum
814 1063 868 1112 veni
887 1067 999 1114 audieritis
1016 1069 1073 1116 belis
1091 1079 1113 1120 et

151 1135 433 1246 tffltffltitt‘ssffi
452 1191 615 1250 sunnon.
647 1135 1114 1256 &diffinitatis

150 1265 202 1302 eunt
214 1255 331 1306 Christum
341 1256 411 1302 tilium
423 1271 472 1303 esse
484 1256 598 1303 Devidisi
648 1270 694 1302 uon
705 1255 779 1302 stetim
789 1257 834 1304 en't
844 1255 902 1304 finis.

183 1325 213 1365 ⁵22
230 1319 264 1367 Et
284 1321 332 1382 ipse
354 1319 432 1367 David
452 1320 506 1366 dicit
521 1321 544 1367 in
560 1320 616 1367 libro
682 1322 712 1366 10
722 1319 896 1376 Tuncdinitds,
907 1319 1013 1385 insurget
1021 1341 1078 1386 gens
1087 1328 1109 1374 in

153 1383 298 1438 Psalmorum,
312 1384 378 1432 Dixit
390 1384 505 1431 Dominus
514 1383 615 1431 Domino
647 1391 745 1445 gentem,
757 1393 780 1431 et
791 1401 886 1447 regnum
897 1387 919 1433 in
932 1403 1042 1449 regnums

151 1463 205 1501 meo,
219 1448 277 1495 Sede
288 1449 316 1495 sd
327 1449 427 1496 dextrum
439 1463 518 1502 meam,
682 1451 707 1494 11
733 1448 766 1496 Et
782 1451 858 1512 magni
877 1458 1024 1500 terraemotus
1046 1461 1112 1504 erunt

180 1516 213 1558 43
231 1511 363 1572 Usquedum
389 1528 486 1573 posuero
513 1512 615 1559 inimicos
647 1511 1112 1578 singuiisiociutfnmemcpestiicmtioe.

151 1583 199 1622 tuos
210 1577 329 1633 scabellum
339 1577 422 1638 pedum
433 1586 529 1623 tuorum.
646 1584 670 1622 et
686 1578 869 1632 terriculamenta,
887 1586 910 1626 et
928 1581 994 1643 sigma
1014 1598 1027 1630 e
1049 1584 1112 1631 coeio

180 1643 212 1686 44
229 1639 369 1702 Davidergo
378 1640 504 1686 Dominum
512 1655 613 1688 eumvo·
647 1649 813 1702 magonenmt.

150 1713 189 1757 cst.
201 1712 224 1751 et
234 1705 348 1766 quomodo
358 1704 416 1750 fito·
426 1707 475 1765 ejus
485 1703 539 1751 est?
680 1708 711 1752 12
728 1706 773 1752 Set
783 1714 835 1753 ente
853 1707 908 1753 litec
923 1709 998 1756 omnin
1014 1709 1112 1770 injicient

179 1772 211 1815 45
228 1768 342 1816 Audiense
354 1765 406 1816 verti
418 1777 466 1815 toto
474 1769 555 1831 populo
564 1768 613 1815 dix·
647 1769 708 1814 vobis
729 1785 814 1824 manus,
842 1776 865 1816 et
886 1787 924 1818 vos
945 1783 1111 1833 persequentur.

149 1831 166 1877 it
175 1832 288 1893 discipulis
299 1835 352 1887 suis,
646 1833 757 1878 trudentes
775 1833 799 1878 in
815 1841 939 1880 concentus
958 1842 981 1880 et
1002 1851 1109 1892 carceres,

180 1901 211 1944 46
229 1895 315 1945 Cavete
336 1912 351 1944 ι
371 1896 447 1943 scribis
470 1897 507 1957 qui
535 1897 614 1944 volunt
645 1896 1108 1962 sdductossdregencpmesidaprop-

149 1961 259 2008 ambutsre
280 1960 362 2015 stoieti,
388 1969 412 2007 et
433 1968 509 2007 emunt
530 1961 613 2008 soluts·
646 1967 770 2006 ternomen
779 1975 862 2006 meum.

149 2026 219 2072 tiones
230 2025 253 2070 in
263 2024 326 2079 foris,
337 2039 363 2072 sc
373 2025 458 2086 primos
464 2039 581 2072 consessus
589 2025 613 2072 in
679 2027 710 2070 13
727 2025 794 2072 Haec
804 2035 879 2071 eutem
890 2024 969 2074 cedent
977 2027 1040 2074 vobis
1047 2030 1109 2076 testi·

119 2109 127 2117 ·
148 2090 299 2143 conventibus,
320 2095 345 2136 et
359 2088 444 2152 primos
460 2090 572 2136 occubitus
589 2090 611 2136 in
645 2089 728 2135 monio.

148 2154 235 2210 coenis3
678 2157 708 2199 14
726 2152 814 2201 Hebete
825 2154 893 2215 igitur
901 2151 969 2202 flxum
981 2155 1003 2203 in
1012 2158 1113 2206 cordine

178 2221 208 2265 47
227 2217 273 2272 Qui
284 2215 481 2264 devomutdomos
490 2215 611 2272 viduorum,
644 2218 729 2271 vestris,
757 2233 802 2264 uon
823 2220 975 2281 praemeditari
1002 2221 1112 2269 defensio·

147 2289 169 2328 tt
183 2281 207 2330 h
225 2281 322 2343 speciem
338 2281 439 2343 precibus
454 2280 528 2342 longis
545 2291 611 2328 utun·
644 2295 702 2327 nent.

148 2355 196 2392 tur:
215 2346 251 2392 isti
263 2346 369 2407 recipient
379 2344 472 2408 gravius
478 2345 594 2408 judicium.
679 2347 709 2392 15
726 2343 780 2405 Ego
787 2343 847 2390 enim
857 2345 914 2390 dabo
925 2347 988 2392 vobis
998 2363 1030 2400 os,
1042 2356 1065 2394 et
1073 2363 1111 2396 st·

644 2407 755 2470 pientiam,
772 2408 807 2454 cui
819 2423 865 2454 non
881 2417 985 2470 poterunt
1001 2413 1112 2459 contradi.

293 2471 368 2522 CAP.
391 2470 465 2520 XXI.
644 2487 701 2526 cere,
721 2487 793 2532 neque
810 2471 917 2528 resistere,
935 2489 1013 2521 omnes
1032 2476 1069 2536 qui
1088 2492 1111 2524 se

149 2530 340 2656 INTUITUS
356 2544 432 2585 sutem
454 2537 509 2584 vidit
530 2537 611 2584 (iivites
644 2536 835 2598 vobisopponent„

208 2603 354 2649 immittentes
368 2601 428 2648 done
444 2615 484 2648 sun
499 2602 521 2648 in
537 2617 610 2664 gezo-
678 2604 708 2648 16
725 2600 853 2647 Prodemini
864 2609 937 2648 autem
949 2603 1017 2650 etiem
1038 2619 1052 2650 e
1070 2619 1110 2667 ps·

148 2667 279 2727 phyiacium.
644 2665 750 2719 rentibus,
769 2671 792 2712 et
803 2665 913 2720 iratribus,
926 2674 949 2714 et
959 2669 1068 2730 cognatis,
1088 2682 1110 2718 et

177 2729 357 2778 uindicantem
369 2729 435 2776 etism
449 2729 558 2790 quandem
575 2730 610 2776 vi-
643 2729 733 2776 smicis:
753 2737 776 2775 et
794 2737 867 2776 morte
885 2731 1026 2780 mulctandos
1044 2750 1108 2782 cure-

146 2795 209 2841 dunm
221 2795 376 2856 pauperculam
387 2793 542 2856 conjicientem
558 2792 610 2840 ilitio
643 2792 698 2839 bunt
708 2795 797 2855 aliquos
808 2809 837 2840 ex
847 2797 925 2844 vobis:

147 2859 329 2905 minutaoereola
341 2858 400 2904 duo:
443 2914 446 2918 ἱ
679 2860 707 2905 17
725 2857 757 2905 Et
767 2859 828 2904 eritis
838 2861 900 2906 exosi
908 2861 1012 2908 omnibus
1020 2869 1109 2924 propiet

144 2964 147 2975 ,
176 2923 315 2976 5Etdixit,
326 2917 449 2969 Veridico
460 2921 529 2976 vobis,
545 2922 612 2970 vidus
644 2935 725 2968 nomen
736 2937 819 2968 meum.

145 2987 198 3033 haec
215 3002 299 3048 pauper
317 2985 413 3050 conjecit
429 2986 523 3047 emplius
544 2984 609 3048 quini
678 2989 706 3030 18
725 2986 769 3032 Sed
779 2986 838 3047 pilus
849 2987 926 3046 cepitis
938 2988 1005 3033 vestri
1017 3002 1108 3050 nonpe-

145 3065 230 3097 omnes
643 3049 699 3095 ribtt.

176 3119 192 3160 4
208 3114 271 3160 Nem
281 3129 359 3161 omnes
369 3114 392 3160 hi
405 3125 435 3159 ex
450 3127 478 3159 eo
493 3113 553 3174 quoti
570 3115 609 3160 sibi
677 3117 707 3160 19
725 3110 769 3158 Per
780 3111 918 3157 toleiontiam
929 3119 1026 3159 vestram
1037 3129 1109 3174 possi.

145 3177 257 3232 cedundst,
274 3179 417 3241 conjecerunt
432 3191 488 3238 quae
502 3178 611 3225 donarent
642 3176 693 3223 dete
703 3175 788 3222 enimus
798 3185 890 3220 vestras.

146 3241 213 3288 Deo:
241 3239 296 3288 haec
317 3247 391 3288 autem
410 3241 504 3302 conjecit
521 3256 551 3288 ex
570 3257 609 3302 pe·
674 3245 707 3286 20
723 3239 800 3294 Quum
809 3237 1108 3289 eutemvideritisHiecouo·

146 3303 207 3352 oun‘i
218 3302 259 3352 sui
270 3312 342 3351 totum
358 3305 442 3351 victum
458 3319 525 3366 quem
541 3306 609 3352 habe-
641 3305 725 3366 iymom
736 3302 795 3364 cingi
806 3302 983 3356 ebexercitibus,
1001 3310 1056 3350 tunc
1066 3320 1108 3368 sg-

146 3379 189 3415 nnt.
642 3368 728 3416 noscite
754 3367 928 3429 sppropiuquare
959 3369 1105 3420 vastationem

178 3431 271 3482 silit
291 3432 421 3486 quibusdem
442 3431 565 3479 dicentibus
581 3433 609 3479 de
642 3433 698 3494 ejus.

147 3493 234 3558 timpto,
257 3497 317 3556 quiod
337 3497 435 3557 pulchris
455 3496 562 3558 lapidibus
583 3512 609 3544 ec
675 3499 704 3542 21
723 3494 790 3542 Tunc
798 3494 835 3555 qui
846 3494 869 3538 in
880 3490 966 3542 Judset
977 3502 1035 3549 sunt,
1046 3494 1105 3559 fugi.

147 3559 240 3606 ionariis
252 3567 355 3606 ornatum
365 3569 431 3613 esset,
442 3560 504 3614 dixit,
642 3567 680 3607 ent
690 3561 713 3606 in
725 3566 828 3612 montem
844 3565 867 3603 et
875 3558 913 3618 qui
925 3557 983 3605 intra
993 3575 1048 3614 eum,
1065 3575 1104 3608 ex.

177 3627 192 3670 6
209 3621 325 3671 Haeccine
332 3624 451 3685 spectatis?
468 3623 610 3670 venientdies
642 3625 737 3679 cedant3
754 3620 825 3682 etqui
842 3621 865 3666 in
883 3621 950 3682 egn's,
967 3637 1013 3670 non
1030 3625 1103 3688 ingre·

149 3687 223 3747 quitus
244 3701 289 3733 uon
312 3688 446 3748 relinquetur
466 3687 522 3748 lapis
543 3702 610 3748 super
641 3687 729 3734 diantur
740 3687 763 3732 in
774 3699 830 3731 eum

153 3749 238 3812 npidcm
250 3751 286 3811 qui
298 3766 344 3796 non
355 3751 486 3798 destructur.
673 3755 705 3798 ‘ii-2
723 3750 783 3796 Nam
795 3749 816 3794 1ιί
833 3754 885 3795 sunt
902 3748 948 3796 dies
967 3751 1064 3808 ultionis,
1084 3766 1105 3803 ut

178 3817 193 3861 7
211 3811 408 3874 lutemogaverunt
420 3821 493 3862 eutem
505 3830 563 3864 cunt,
575 3815 609 3860 di·
640 3817 691 3880 ’inp
708 3825 772 3860 untur
783 3815 858 3859 omnin
868 3828 924 3873 quae
935 3816 1015 3873 scripte
1023 3829 1081 3864 suut.

368 3879 401 3926 96
