2720 4312
463 417 612 470 JOANNIS
626 413 865 476 APOCALYPSIS,
889 423 961 467 xix.

238 541 286 574 rum
298 525 382 586 impetu
392 523 519 587 projicietur
528 521 631 584 Babylon
647 523 699 570 urbs
729 522 796 582 bysso
822 521 877 584 puri
903 529 926 568 et
952 520 1080 584 splendidi:
1113 525 1192 586 wreus

238 589 275 638 tila
294 603 392 652 magau
420 604 461 635 nec
482 585 575 649 amplius
597 587 697 634 invenie·
729 586 964 648 enimjustificationes
976 593 1028 632 sunt
1038 594 1173 636 sanctorum.
1257 583 1268 590 “’

240 662 280 701 tur.
763 649 854 697 9Turn
872 651 927 695 dixit
944 649 1004 703 mihi,
1023 651 1105 706 Seniue,
1128 651 1191 700 Beati

185 739 188 746 ,
264 720 301 763 92
317 716 349 763 Et
359 729 406 762 vox
416 713 598 766 citharoedorum,
610 721 633 760 et
647 727 697 760 mu·
729 713 766 773 qui
783 713 811 759 ad
827 727 918 778 coenam
935 715 1060 774 nuptiarum
1078 715 1139 776 Agni
1150 731 1191 762 ro·

238 781 339 833 uicorum,
357 785 381 826 et
397 776 449 824 tihid
464 794 490 824 ac
501 775 553 824 tubd
563 778 695 832 canentium.
729 776 772 822 cati
784 783 842 822 sunt.
876 777 908 823 Et
916 777 969 823 dixit
979 778 1038 832 mihi,
1051 775 1116 825 Haec
1125 783 1190 829 verbu

238 860 283 891 aon
294 844 394 890 audietur
404 844 426 888 in
434 850 458 890 te
465 839 574 903 umplids3
590 855 632 888 nec
641 841 699 888 ullus
731 839 777 886 Dei
789 855 842 886 vera
852 847 910 886 sunt.

175 933 181 945 ·
238 908 316 956 ntitex
325 909 476 970 cujuscunque
484 906 536 952 artis
545 904 697 952 invenieturin
765 908 795 950 10
811 904 844 950 Et
854 904 937 966 procidi
953 910 1004 950 ante
1020 905 1087 966 pedes
1104 907 1151 970 ejus
1167 915 1189 954 ut

238 969 377 1034 ieamplids:
395 978 418 1017 et
429 971 514 1017 sonitus
524 967 598 1017 molae'
604 984 650 1015 non
658 984 697 1016 au·
730 967 844 1014 adorarem
855 983 920 1024 eum;
938 969 976 1014 sed
987 968 1042 1014 dixit
1054 970 1115 1024 mihi,
1133 967 1189 1020 Vide
1210 1013 1220 1027 ,

243 1035 308 1083 lietur
318 1037 341 1082 in
352 1031 494 1096 teomplidsr
730 1046 759 1077 ne
768 1030 870 1092 ficem,-
893 1047 1014 1078 conservus
1030 1039 1081 1078 tuns
1097 1049 1154 1088 sum,
1167 1041 1192 1083 et

269 1099 350 1146 uu-Et
370 1099 410 1144 lux
430 1099 534 1144 lucernae
554 1112 599 1144 non
618 1095 700 1144 lucebit
730 1095 820 1141 fratrem
837 1103 925 1142 tuorum
943 1096 980 1156 qui
997 1096 1079 1143 habent
1092 1099 1190 1146 testimo·

249 1174 260 1212 r
270 1171 293 1210 te
303 1160 412 1225 atnplidr;
428 1169 452 1208 et
462 1177 507 1209 vox
516 1161 590 1222 sponsi
599 1167 622 1207 et
630 1176 698 1222 spon·
730 1159 792 1205 niurn
799 1158 862 1207 Jesu.
875 1158 952 1205 Deum
959 1160 1034 1216 adora3
1043 1161 1191 1211 testimonium
1206 1181 1215 1190 ¹

238 1242 274 1276 rae
284 1242 331 1274 non
341 1227 442 1274 audietur
452 1223 545 1288 amplids
555 1225 578 1272 in
590 1232 627 1271 te:
646 1239 698 1271 nam
730 1224 789 1269 enirn
806 1222 861 1272 Jesu
875 1229 910 1270 est
920 1225 1008 1284 spiritus
1019 1225 1152 1287 prophetiae.

238 1298 370 1353 mercotores
386 1291 417 1335 tui
434 1299 497 1336 erant
507 1305 609 1351 proceres
620 1294 698 1344 terrae,
744 1293 746 1298 ‘
765 1291 791 1332 ll
811 1287 902 1333 Deinde
910 1288 954 1333 vidi
962 1287 1048 1333 coelum
1057 1295 1192 1350 apertqu

238 1361 259 1400 ct
269 1353 381 1402 ueneficiis
392 1354 436 1400 tuis
446 1353 549 1400 seductae
560 1362 698 1399 suntomnes
730 1366 789 1405 ecce,
805 1349 883 1412 adfuit
899 1365 968 1411 equus
978 1351 1057 1406 albus;
1076 1353 1146 1413 etqui
1156 1355 1192 1400 in·

236 1425 322 1481 gentes.
730 1415 813 1461 sidebat
821 1416 848 1470 ei,
860 1417 979 1474 vocabatur
988 1413 1069 1461 Fidelis
1078 1423 1100 1462 et
1109 1415 1192 1474 Verax.

268 1487 300 1527 24
317 1481 360 1528 Sed
372 1480 394 1526 in
405 1477 432 1526 ed
442 1481 533 1542 sanguis
543 1481 698 1541 prophetarum
729 1485 753 1525 et
763 1475 872 1540 quijustd
879 1480 966 1540 judicat
976 1485 999 1525 et
1009 1488 1101 1541 pugnat.

238 1551 259 1591 rt
267 1551 392 1591 sanctorum
401 1545 504 1590 inventus
512 1555 553 1598 est,
564 1553 588 1590 et
598 1545 697 1589 omnium
764 1545 794 1587 12
809 1541 875 1588 Oculi
882 1553 956 1589 autern
963 1544 1010 1605 ejus
1016 1551 1083 1590 erum
1088 1551 1193 1605 tauquam

239 1609 273 1670 qui
284 1609 372 1656 mactati
385 1605 546 1654 suntinterri.
603 1621 610 1638 ·
729 1604 820 1653 flamma
835 1606 900 1668 ignis,
918 1614 942 1653 et
958 1607 981 1652 in
997 1607 1068 1667 capite
1083 1609 1130 1670 ejus
1144 1609 1192 1656 dia·

730 1670 817 1718 demate
837 1671 926 1726 multa3
953 1671 1087 1731 habebatque
1108 1687 1190 1720 nomeu

325 1769 327 1774 -
386 1733 460 1784 CAP.
478 1733 551 1781 XIX.
730 1733 841 1795 scriptum,
854 1735 1180 1797 quoduemouovitnisiipsc.

290 1797 451 1848 OSTHAEC
462 1800 534 1846 audivi
546 1813 624 1845 vocem
632 1813 696 1860 mag·
764 1801 794 1844 13
811 1798 843 1844 Et
860 1799 953 1845 amictus
971 1806 1019 1844 erat
1040 1805 1102 1845 veste
1124 1797 1192 1847 tincti

300 1879 351 1910 nam
363 1864 439 1910 turbae
449 1863 532 1910 multae
546 1863 569 1909 in
585 1863 648 1908 coelo
663 1863 697 1908 di·
730 1861 854 1922 sanguine3
884 1869 1020 1923 vocaturque
1041 1877 1123 1908 nornen
1140 1865 1192 1926 'ejus

236 1927 313 1983 centis,
325 1927 453 1989 Helleluja3
470 1927 535 1982 salus,
547 1934 570 1972 et
580 1927 658 1980 honor,
675 1933 698 1972 et
730 1925 809 1972 Sermo
820 1926 857 1972 ille
869 1926 922 1972 Dei.

235 1989 312 2054 gioria,
324 1999 347 2038 et
357 1993 433 2044 virtus,
447 1990 547 2036 Domino
559 1989 612 2036 Deo
621 1997 697 2036 nostro
763 1993 794 2034 14
809 1989 929 2036 Exercitus
945 1997 1026 2043 autern,
1042 1990 1080 2050 qui
1098 1996 1150 2036 sunt
1167 1991 1190 2038 iu

235 2063 287 2102 ertu
591 2071 595 2078 ’
729 2053 798 2106 coelo,
818 2055 963 2114 sequebantur
981 2068 1033 2099 eum
1050 2054 1112 2114 equis
1130 2055 1190 2111 albis,

268 2123 283 2164 2
300 2118 361 2172 Quia
371 2133 423 2164 vera
433 2123 457 2163 et
470 2118 532 2180 justa
547 2125 601 2164 sunt
613 2117 698 2180 judicia
729 2117 803 2163 vestiti
813 2118 881 2178 h)sso
891 2115 940 2164 albi
950 2123 973 2163 et
983 2113 1044 2178 puri.

236 2181 283 2244 ejus
290 2199 299 2240 3
321 2187 344 2228 et
359 2182 497 2228 meretricem
513 2181 573 2228 illam
584 2196 696 2242 magnam,
763 2183 792 2226 15
809 2180 841 2227 Et
852 2196 881 2228 ex
891 2196 930 2227 ore
940 2183 987 2243 ejus
995 2181 1095 2242 prodibat
1104 2181 1191 2242 gladius
1233 2177 1235 2180 ’

236 2261 291 2308 quae
301 2246 399 2308 corrupit
409 2252 490 2292 terram
501 2245 633 2292 scortatione
650 2243 696 2300 sui,
728 2251 813 2299 acutus,
825 2251 888 2291 uteo
898 2252 1022 2306 percuteret
1032 2252 1126 2306 gentes;
1144 2245 1190 2306 ipse

235 2309 353 2364 damnavit,
380 2316 403 2356 et
424 2309 544 2356 vindicavit
565 2309 696 2370 sanguinem
728 2308 787 2354 enirn
797 2315 859 2370 reget
870 2323 907 2355 eas
915 2305 979 2370 virgi
989 2305 1074 2354 ferrei:
1093 2315 1117 2354 et
1127 2309 1146 2354 is
1156 2315 1190 2355 'est

235 2389 348 2420 seruorum
360 2389 450 2420 suorum
461 2387 490 2419 ex
500 2388 567 2419 manu
578 2375 632 2435 ejus.
728 2371 765 2431 qui
776 2372 867 2419 calcabit
877 2373 949 2418 lacurn
965 2373 1011 2418 vini
1027 2373 1189 2419 excandescen-

265 2443 282 2483 3
298 2434 496 2484 Deindeoecundd
507 2437 617 2492 dixerunt,
635 2435 695 2482 Hal·
729 2435 771 2482 tiae
782 2443 805 2482 et
816 2437 861 2482 ima·
872 2436 918 2482 Dei
931 2436 1094 2496 omnipotentis.

234 2501 315 2564 leluja3
335 2509 358 2548 et
369 2501 442 2547 fumus
453 2503 501 2564 ejus
511 2501 609 2548 ascendit
620 2499 642 2546 in
660 2516 695 2546 se·
763 2504 792 2546 16
810 2499 956 2560 Halebatque
975 2501 997 2546 in
1016 2501 1150 2546 vestimento
1167 2510 1188 2548 et

233 2565 284 2612 cula
293 2564 425 2612 seculorum.
728 2562 751 2608 in
763 2561 847 2610 femore
858 2579 898 2610 suo
909 2579 990 2610 nornen
1008 2563 1120 2624 scripturn,
1137 2563 1190 2610 Rex

265 2633 281 2674 4
298 2627 477 2691 Etprociderunt
485 2628 695 2689 vigintiquatuorilli
728 2643 813 2688 regum,
825 2635 848 2672 et
859 2627 973 2674 Dominus
984 2627 1151 2673 dominantium.

234 2693 337 2746 seniores,
354 2699 377 2738 et
392 2699 488 2750 quatuor
501 2693 539 2737 illa
548 2691 656 2744 animalia,
673 2700 696 2737 et
761 2693 791 2737 17
808 2690 874 2736 Tunc
892 2691 937 2736 n'di
955 2691 1064 2752 quendam
1085 2691 1189 2752 angelum

233 2757 380 2803 odoraverunt
390 2752 468 2801 Deum
484 2754 615 2800 insidentem
631 2755 694 2800 thro·
727 2758 822 2799 stantem
841 2753 864 2798 in
884 2754 936 2809 sole,
958 2755 996 2815 qui
1014 2754 1118 2801 clamavit
1134 2771 1190 2801 voco

234 2835 269 2874 no,
282 2819 385 2874 dicentes,
397 2816 487 2874 Amen3
505 2816 625 2880 Hulleluja
671 2829 672 2834 ’
727 2814 815 2878 magni,
832 2817 907 2864 dicens
924 2819 1026 2864 omnibus
1041 2819 1118 2864 avibus
1133 2833 1189 2879 quae

264 2885 280 2931 5
296 2882 357 2930 Tum
375 2897 444 2929 voxe
459 2883 540 2928 throno
556 2881 643 2942 prodiit,
660 2881 694 2927 di·
727 2881 831 2929 volabant
847 2897 888 2944 per
904 2882 1001 2928 medium
1017 2881 1080 2936 coeli,
1097 2881 1189 2936 Adeste.

193 3000 198 3010 Δ
232 2963 292 3002 oens,
310 2945 410 2994 Laudote
426 2945 503 2993 Deum
519 2953 628 3000 nostrum,
644 2961 694 2992 om·
726 2952 750 2991 et
768 2947 935 3010 congregamini
954 2947 982 2992 ad
1000 2960 1092 2992 coenam
1113 2947 1189 3008 magni

232 3025 272 3059 nes
290 3011 348 3058 servi
366 3013 421 3074 ejus,
443 3009 519 3072 etqui
537 3010 619 3056 timetis
636 3025 694 3066 eum,
726 3008 789 3066 Dei3

232 3075 293 3140 parvi
305 3082 327 3122 et
337 3073 420 3136 magni.
759 3076 789 3120 18
808 3072 842 3120 Ut
852 3073 921 3121 edatis
929 3089 1006 3120 carnes
1013 3087 1098 3134 regum,
1110 3079 1133 3120 et
1142 3087 1189 3120 sar·

264 3145 280 3186 6
296 3139 329 3186 Et
339 3138 412 3185 audivi
424 3145 527 3198 tanquam
541 3137 637 3184 sonitum
646 3146 693 3184 tur·
726 3151 766 3184 nes
782 3138 926 3192 tribunorum,
943 3145 966 3183 et
976 3153 1054 3184 carnes
1065 3144 1188 3198 potentum,

232 3203 272 3252 hae
279 3203 368 3258 multae,
377 3210 399 3248 et
407 3210 512 3262 tanquam
521 3203 617 3248 sonitum
625 3216 693 3262 aqua·
725 3209 749 3248 et
759 3217 836 3248 carnes
847 3217 960 3264 equorum,
977 3209 1000 3247 et
1016 3217 1093 3246 eorum
1105 3201 1142 3261 qui
1153 3201 1187 3264 ip-

233 3283 283 3314 rum
299 3267 425 3320 multarum,
442 3273 466 3312 et
482 3273 585 3326 tunquam
596 3265 693 3311 sonitum
726 3265 756 3311 sis
773 3266 874 3320 insident,
893 3272 916 3312 et
932 3280 1009 3312 sames
1024 3265 1123 3311 omnium
1133 3265 1188 3312 Ito·

241 3332 379 3378 onitrnorum
387 3331 556 3382 vehementium,
564 3330 694 3376 dicentiumt
725 3343 962 3382 rorumacserrorum,
970 3343 1089 3390 pomorum
1096 3336 1188 3392 etmag·

235 3392 363 3456 Halleluja3
397 3393 501 3454 quoniam
529 3407 624 3454 regnum
646 3393 695 3439 iniit
725 3408 813 3439 norum.
1022 3405 1030 3411 ’
1094 3407 1098 3411 ·

234 3455 346 3506 Dominus
362 3457 427 3504 Deus
442 3457 479 3504 ille
498 3467 574 3504 noster
592 3457 693 3518 omnipo·
759 3459 789 3503 19
805 3455 895 3502 Deinde
914 3456 958 3503 vidi
974 3455 1066 3502 bestiam
1083 3455 1150 3511 uum,
1167 3464 1188 3504 et

233 3528 289 3569 teus.
725 3533 789 3581 reges
801 3527 877 3574 terrae,
888 3526 912 3566 et
922 3520 1032 3566 exercitus
1040 3535 1124 3572 eorum,
1133 3535 1187 3567 cca·

265 3588 278 3632 7
297 3585 446 3640 Gaudeamus,
468 3591 492 3630 ct
509 3584 652 3638 exsultemus,
671 3589 695 3630 et
724 3589 830 3645 gregatos
839 3585 866 3630 ad
873 3584 995 3646 gerendum
1006 3583 1088 3631 bellum
1099 3599 1151 3630 cum
1161 3599 1187 3631 es

231 3649 306 3694 demus
315 3653 404 3702 gloriam
417 3655 453 3705 et;
463 3649 516 3709 quia
521 3655 631 3694 venerunt
636 3663 693 3710 nup·
725 3648 762 3707 qui
773 3647 881 3694 insidebat
890 3662 954 3709 equo,
968 3655 991 3694 et
1001 3663 1053 3694 cunr
1063 3648 1132 3710 ipsius
1148 3661 1185 3694 rx·

230 3711 273 3752 tiae
290 3711 353 3764 Agat,
366 3715 388 3754 et
400 3725 454 3756 uxor
466 3713 514 3774 ejus
524 3712 609 3774 paravit
620 3726 651 3757 se.
724 3710 802 3758 ecclia

261 3773 276 3817 8
296 3775 326 3819 Ei
346 3772 421 3816 “ium
440 3775 518 3879 gad,
539 3782 565 3822 ut
581 3775 691 3822 uniciatur
758 3779 790 3821 20
806 3772 839 3822 Et
847 3774 1008 3837 comprehensu
1021 3784 1055 3821 est
1072 3774 1149 3828 bonta
1165 3785 1185 3822 st
