2756 4320
506 451 510 459 ¹
542 393 711 442 ncrsronn
733 393 840 442 enum

243 505 275 550 25
292 502 382 550 Gratiae
398 517 441 562 ego
460 500 513 547 Deo
534 516 573 562 per
593 499 672 549 Jesum
702 499 769 553 eritio
780 497 879 545 futurum
887 507 921 546 ert
932 506 957 546 ut
967 501 1106 548 mortumnie
1124 507 1164 548 ced

215 565 326 614 i'itrirtum
336 565 460 611 Dominum
472 571 579 610 nostrum.
597 563 621 609 N
623 579 671 610 em-
704 563 722 608 ri
735 562 817 624 Spiritu
827 563 924 610 actiones
935 565 1032 626 corporis
1044 564 1153 612 mortifico

212 631 313 692 peigitur
324 630 370 688 ipse
378 644 421 688 ego
432 635 506 673 mente
519 628 606 686 quidem
624 642 671 672 aer·
704 626 837 680 tiuvivetio.
1111 623 1117 630 “

213 693 302 754 vioiegi
316 691 367 746 Dei,
379 707 444 737 carue
455 687 507 737 verri
518 690 562 752 legi
571 691 661 752 pcccati
738 693 769 735 14
784 689 901 749 Quotquot
921 690 981 736 enim
1009 691 1092 752 Spiritu
1121 691 1166 738 Do

643 783 651 798 .
704 760 806 814 aguntur,
818 753 832 798 ii
843 754 944 800 runtfiiii
956 754 1009 800 Dei.

358 815 431 865 CAP.
454 815 528 863 VIII.
739 819 768 862 15
785 815 839 862 Non
858 817 917 862 enirn
935 818 1049 879 accepistis
1067 819 1167 880 spiritum

130 897 133 902 ’
277 879 368 928 ULLA
379 882 447 944 igitur
457 896 516 927 nunc
527 881 673 927 ertcondem·
705 879 818 926 servitutia
834 880 862 926 ad
878 888 979 938 metum3
999 882 1037 927 aed
1054 883 1168 944 accepirtit

217 886 267 998 N
290 945 349 991 natio
360 945 387 991 iis
397 945 523 1006 quiruntin
534 943 624 992 Christo
632 943 673 991 Je·
706 943 811 1003 Spiritum
830 943 960 1004 adoptionis,
977 960 1017 1006 per
1034 961 1101 1005 quem
1121 946 1168 994 cla·

213 1011 298 1070 111,ςαὶ
310 1023 354 1054 non
371 1006 491 1055 secundum
508 1023 596 1056 curnem
613 1008 673 1054 inco
705 1021 791 1053 memus
803 1006 872 1060 Abba,
884 1009 909 1053 iri
917 1016 954 1061 ert,
968 1007 1042 1055 Peter.

215 1074 271 1128 1111,
285 1073 324 1118 sed
335 1069 454 1118 secundum
467 1071 579 1134 Spiritum.
740 1074 769 1116 16
786 1069 832 1123 Qut
844 1071 889 1132 ipse
906 1072 1000 1131 Spiritus
1016 1079 1109 1120 testatur
1123 1071 1167 1121 unt

247 1140 261 1182 2
278 1135 338 1182 Nam
347 1137 384 1182 lex
393 1135 487 1197 Spiritus
493 1137 558 1189 vitae,
565 1135 608 1196 qui
611 1142 642 1181 ert
652 1135 675 1180 iu
705 1148 756 1180 cum
769 1135 844 1194 spiritu
853 1143 936 1188 nostro,
945 1150 986 1181 nor
994 1150 1043 1181 erre
1049 1135 1106 1181 filios
1115 1135 1168 1184 Dei.

214 1197 306 1248 Cirixto
316 1199 378 1252 Jesu
389 1199 487 1246 liberavit
498 1214 535 1246 me
545 1199 614 1261 alege
622 1214 674 1260 pec-
741 1199 770 1244 17
787 1195 855 1250 Quod
868 1198 886 1243 ei
903 1197 947 1251 filii,
964 1199 1030 1244 etium
1046 1199 1166 1246 haeredem

212 1265 254 1310 cuti
266 1272 289 1310 et
299 1264 383 1310 mortis.
706 1261 811 1307 hueredea
821 1257 910 1323 quidem
922 1261 974 1315 Dei,
986 1263 1117 1309 cohaeredes
1127 1278 1167 1309 au·

244 1331 261 1373 ³
277 1327 404 1387 Numquae
414 1325 470 1388 lugia
480 1334 531 1372 erat
541 1325 676 1388 impotentia,
707 1332 752 1370 tem
765 1323 862 1372 Christi:
882 1325 900 1371 si
911 1322 978 1372 modi
994 1325 1060 1372 simul
1075 1342 1126 1372 cum
1142 1342 1168 1373 eo

212 1405 279 1451 quum
292 1391 373 1436 viribus
384 1399 442 1435 esset
452 1390 557 1436 destituta
572 1405 611 1450 per
626 1405 675 1434 cer·
706 1388 808 1448 petimur,
820 1389 921 1435 utsimui
932 1389 1060 1436 etiamtum
1076 1405 1100 1452 eo
1116 1389 1168 1452 gio·

214 1453 278 1507 nent*
284 1453 349 1499 Dour
359 1469 400 1498 auo
411 1453 479 1514 ipsius
496 1453 554 1498 Filio
569 1453 637 1498 mitro
653 1452 676 1497 in
707 1451 822 1498 rificemur.

213 1514 284 1562 sormi
294 1516 402 1562 consimili
413 1517 472 1562 cerni
482 1523 573 1577 peccato
588 1515 674 1562 obnox·
740 1519 769 1560 18
787 1515 846 1562 Nam
859 1527 931 1562 statuo
942 1511 1034 1562 minimi
1049 1532 1095 1563 erse
1109 1517 1169 1578 peria

214 1580 253 1634 iae,
271 1580 334 1640 idque
345 1595 386 1640 pro
402 1587 500 1641 peccato,
519 1579 676 1625 condemnavit
706 1593 762 1638 quoe
782 1580 890 1639 praesenti
912 1587 1016 1639 tempore·
1028 1582 1169 1642 perpetimur,

213 1650 326 1706 peccatum
337 1643 360 1689 iu
369 1658 450 1689 carue:
705 1641 789 1702 gloriae
800 1643 822 1688 in
832 1644 894 1688 nobis
903 1641 1041 1704 retegendue.

245 1711 260 1752 4
279 1704 487 1770 Utjurilludiegis
500 1705 636 1767 compleatur
651 1706 674 1752 in
740 1709 769 1752 19
787 1705 878 1752 Etenim
900 1708 995 1754 mundus
1015 1708 1050 1754 hio
1067 1707 1169 1754 conditur

213 1771 282 1823 nobis,
294 1771 330 1831 qui
342 1786 387 1817 nou
398 1769 518 1817 recunditm
535 1785 623 1817 curnem
639 1770 674 1816 111-
705 1770 773 1829 quari
778 1779 866 1815 exserto
874 1769 945 1830 capite
952 1771 1070 1816 observans
1077 1786 1169 1832 exspec-

213 1835 317 1888 cedimus,
326 1834 365 1882 red
375 1831 496 1882 recundirm
508 1835 620 1895 Spiritum.
704 1839 737 1878 tat
747 1832 913 1894 patefactionem
924 1832 1019 1880 filiorum
1031 1833 1084 1881 Dei.

246 1902 261 1945 5
278 1897 382 1958 Numqui
391 1895 606 1944 aecundirmcemem
615 1904 675 1951 suut,
738 1899 770 1942 20
785 1895 846 1942 Nam
855 1897 945 1942 vanitati
956 1897 1051 1943 mundus
1062 1898 1098 1943 hic
1113 1913 1170 1944 oon·

214 1977 269 2021 quae
287 1963 358 2006 carnis
375 1969 427 2008 arunt
446 1963 532 2022 eupiunt
541 1978 548 2018 ς
568 1958 675 2022 quivero
705 1959 763 2006 tiituo
779 1960 888 2022 subjectus
904 1967 944 2014 est,
962 1975 1008 2006 non
1027 1959 1067 2007 sui
1084 1969 1170 2022 sponte,

213 2033 265 2070 runt
277 2022 397 2071 secundino
410 2025 522 2086 Spiritum,
538 2040 594 2085 quae
606 2025 675 2086 Spiri-
705 2033 744 2068 seu
752 2031 841 2084 propter
850 2039 901 2070 eurn
913 2024 951 2084 qui
962 2024 1053 2086 subjecit
1063 2041 1114 2072 eum
1128 2027 1170 2072 toti

141 2121 143 2126 -
214 2088 249 2133 tus
261 2094 319 2132 sunt.
705 2088 805 2133 vanitati
812 2105 820 2132 .·
865 2115 867 2118 -

245 2155 260 2197 6
277 2150 337 2196 Nam
348 2150 407 2210 quod
415 2151 470 2211 sapit
481 2167 539 2205 cero,
554 2166 615 2198 mors
625 2159 675 2208 est;
738 2153 766 2196 21
787 2150 832 2197 Sub
844 2166 882 2212 spe
893 2148 952 2211 quod
960 2157 982 2197 et
990 2151 1037 2212 ipse
1044 2152 1168 2198 iterabitur

214 2214 272 2274 quod
280 2221 354 2259 autern
365 2215 420 2275 sapit
430 2215 530 2275 Spiritus,
538 2215 673 2277 vitoetpax:
706 2227 734 2260 ex
745 2215 852 2260 servitute
859 2215 1005 2275 corruptionis
1013 2217 1036 2262 111
1047 2215 1169 2262 libertatern

245 2280 260 2324 'i
278 2277 389 2331 Quoniam
401 2279 459 2338 quod
470 2280 526 2340 aupit
536 2294 594 2330 cero,
603 2279 676 2324 inimi·
705 2278 790 2340 gloriae
800 2278 895 2324 filiorum
907 2277 960 2324 Dei.

214 2342 264 2387 citie
274 2349 307 2388 est
323 2339 428 2387 adversita
445 2342 537 2388 Deum:
556 2342 600 2404 legi
617 2343 675 2389 enim
739 2345 770 2386 22
787 2342 875 2388 Scimur
895 2341 954 2387 enim
972 2348 1042 2387 totum
1062 2343 1170 2388 mnndum

196 2455 204 2472 .
216 2405 260 2450 Dei
280 2421 325 2451 non
341 2406 469 2468 ruirjicitur5
490 2421 540 2452 nem
558 2421 586 2453 ne
604 2412 677 2468 potest
706 2405 819 2451 conditum
828 2401 872 2451 ursa
882 2405 996 2466 suspirare,
1008 2415 1030 2451 et
1039 2402 1083 2451 unit
1094 2419 1170 2467 pertu-

214 2465 313 2528 quidem.
707 2470 750 2514 rire
760 2469 787 2515 ad
799 2470 841 2514 hoe
852 2484 921 2528 usque
932 2478 1026 2529 tempus.

248 2535 262 2576 8
280 2531 344 2592 Ergo
353 2532 418 2591 quiin
427 2548 493 2579 carne
501 2539 559 2587 sunt,
568 2533 620 2579 Deo
629 2531 676 2594 pla·
739 2536 770 2577 23
787 2532 867 2592 Neque
878 2530 931 2577 verri
942 2534 980 2578 itte
996 2529 1074 2586 cultim,
1093 2533 1131 2578 sed
1148 2544 1171 2579 et

214 2610 264 2640 cere
275 2610 320 2640 non
331 2603 431 2655 possunt.
489 2599 497 2613 '
706 2595 748 2656 ipsi
764 2596 801 2656 qui
820 2597 926 2656 primitiae
947 2595 1040 2656 Spiritus
1057 2597 1170 2650 habemus,

247 2663 262 2704 9
280 2657 328 2702 Vos
341 2664 414 2703 autern
431 2674 476 2704 non
492 2660 546 2704 estis
562 2659 584 2705 in
603 2674 675 2713 carne,
706 2660 795 2720 nosipsi,
807 2660 902 2719 inquam,
914 2660 971 2720 apud
982 2661 1171 2722 nosipsoruouepi·

215 2721 253 2766 red
264 2723 286 2765 in
296 2720 385 2780 Spiritu,
397 2721 502 2780 siquidem
520 2723 613 2781 Spiritus
632 2722 676 2768 Dei
707 2737 787 2776 ramur,
809 2723 949 2784 adoptionem
967 2731 1126 2783 exspectantes,
1146 2727 1172 2772 r'd

215 2784 295 2828 habitat
303 2784 326 2828 io
335 2783 408 2829 vobirr
427 2781 485 2843 quod
494 2785 561 2844 siquir
571 2785 676 2846 Spiritum
706 2794 745 2840 cst,
757 2787 928 2847 redemptionem
939 2787 1037 2846 corporis
1047 2788 1124 2832 nostri.

216 2845 298 2894 Christi
308 2861 353 2891 non
364 2846 435 2899 habet,
446 2847 465 2893 ir
477 2863 521 2893 non
533 2857 567 2894 est
577 2851 631 2910 eJ'us.
677 2886 680 2890 .
739 2854 770 2894 24
787 2849 897 2910 Nemrpe
908 2839 1081 2896 r'ervetirunura.
1116 2852 1173 2912 Sper

249 2913 279 2956 10
296 2905 367 2956 Porrri
378 2910 395 2956 oi
409 2908 511 2958 Christus
522 2912 544 2958 in
561 2913 622 2959 vobio
637 2921 676 2969 ert,
707 2922 779 2960 eutem
789 2914 806 2958 11
818 2922 925 2967 cernetur,
938 2921 1022 2960 nonest
1031 2929 1094 2974 spes:
1113 2916 1172 2974 quod

215 2990 295 3036 corpus
308 2969 396 3034 quidem
413 2984 524 3022 mortuum
541 2985 572 3023 est
588 2985 677 3038 propter
707 2977 766 3023 euim
777 2979 826 3037 quis
836 2977 913 3030 ceruit,
924 2992 964 3023 cur
975 2977 1067 3038 speret?

215 3047 347 3100 peccatum,
369 3039 464 3099 Spiritus
484 3049 557 3087 autern
580 3041 626 3086 vita
646 3049 678 3088 est
740 3043 771 3086 25
789 3040 812 3086 Si
824 3040 944 3100 veroquod
955 3055 1000 3086 nou
1011 3041 1171 3102 videmuorpe·

215 3110 303 3164 propter
309 3103 426 3164 justitiam.
709 3119 789 3158 ramur,
800 3119 880 3164 neorpe
885 3120 925 3166 per
933 3104 1071 3150 tolerantiam
1079 3120 1171 3167 exspec-

249 3170 274 3211 ll
295 3166 339 3212 Sed
349 3166 368 3212 ai
381 3165 475 3228 Spiritus
485 3167 577 3228 ejusqui
586 3168 678 3214 suscita·
709 3174 788 3214 tamur.

215 3230 247 3275 vit
257 3229 336 3278 Jeaum
347 3244 361 3274 a
371 3231 464 3276 mortuis
475 3232 556 3278 habitet
567 3232 589 3277 in
601 3232 678 3288 vobio;
741 3235 772 3277 26
790 3229 869 3277 lucem
886 3235 959 3277 cutem
978 3237 1002 3277 et
1018 3230 1112 3292 Spiritur
1129 3228 1171 3282 uni

215 3308 233 3338 ·.r
244 3293 280 3352 qui
292 3293 397 3339 excitavit
409 3291 522 3340 Christum
534 3309 562 3340 ex
578 3295 678 3348 mortuis,
709 3295 809 3341 sublevat
829 3293 967 3341 infirmitate·
990 3302 1094 3342 nostrus:
1121 3295 1172 3356 qua

218 3355 331 3402 riutticabit
339 3357 404 3402 etiam
415 3357 515 3402 mortalia
525 3373 618 3418 corpore
628 3373 678 3404 ves·
708 3358 767 3404 enim
779 3373 894 3419 precemur
904 3365 930 3404 ut
940 3364 1033 3418 oportet,
1044 3373 1090 3404 non
1109 3360 1171 3405 uoti·

216 3425 250 3466 tra
260 3435 300 3479 per
315 3420 471 3466 inhabitantem
488 3421 555 3481 ipsiuu
572 3421 678 3482 Spiritum
709 3437 774 3468 mua:
794 3421 835 3468 reti
843 3421 890 3482 ipse
897 3421 991 3483 Spiritua
1003 3421 1171 3484 interpeiiutpra

222 3497 237 3528 n
249 3483 318 3529 vobis.
709 3485 772 3530 nobis
783 3485 881 3545 auspiriir
891 3485 1077 3531 inenarrabilibus.

249 3548 278 3590 12
295 3543 465 3607 Nempiigitun
474 3547 559 3600 irat-es,
568 3546 678 3594 debitores
742 3552 771 3594 27
789 3548 835 3602 Qut
848 3545 900 3592 verri
911 3549 1099 3603 scrutaturcorria,
1111 3560 1172 3597 nova

216 3623 291 3654 tumus
298 3623 343 3654 non
352 3611 419 3664 carni,
429 3619 453 3656 ut
460 3609 580 3657 oecundirm
589 3626 677 3658 carnem
705 3613 761 3670 'quid
773 3613 842 3672 rapiat
856 3611 963 3671 Spiritus:
982 3612 1033 3671 quia
1049 3610 1170 3660 recundinn

216 3670 322 3723 vivamus,
332 3673 371 3717 tect
383 3674 487 3731 Spiritui.
711 3675 786 3722 Deum
795 3674 919 3735 interpellat
929 3691 969 3735 pro
978 3675 1066 3724 sanctio.

250 3735 279 3776 1³
297 3731 355 3777 Nem
368 3734 385 3778 11
396 3733 515 3836 spprpndirm
527 3752 608 3783 carneri
629 3752 676 3783 1111·
742 3743 772 3782 28
791 3738 987 3786 Novimusnutem
999 3739 1024 3786 ii·
1032 3739 1069 3799 qui
1079 3738 1170 3800 diliguat
