2756 4320
537 387 653 444 Lucu,
677 388 778 436 XXIII.

171 496 290 542 sacerdotes
305 503 330 540 et
347 496 445 547 turbam,
464 493 557 540 Nullam
575 495 638 540 iuve-
703 494 984 558 temulentorum
1005 497 1131 546 reditum

171 561 205 606 nio
215 573 297 604 noxam
308 558 332 604 in
345 559 389 604 hoc
399 558 500 604 homine.
669 559 786 619 quandam,
803 566 826 606 et
842 561 932 607 caedem
946 561 1028 608 iactam
1040 562 1063 608 in
1075 563 1132 616 urbe

200 623 265 670 ⁵At
283 623 315 668 iili
338 623 512 676 invalescebant,
535 622 639 674 dicentes,
669 624 783 684 conjectus
793 623 816 669 in
827 622 958 684 cantorem.)

172 685 274 734 canunt
292 687 409 748 populum,
431 686 516 732 doeens
533 701 572 746 per
590 687 639 731 nni·
702 691 734 732 20
750 685 901 750 Rurauaergo
914 688 999 736 Pilatus
1009 688 1134 750 rlloqnurua

171 766 255 796 versam
272 749 391 804 Judaeam,
409 765 504 796 exorsus
516 765 531 796 n
542 747 641 796 Galilaei
670 757 704 796 eat
714 765 757 805 eos,
769 751 847 798 volens
858 752 968 800 dimittere
978 751 1065 802 Jesum.

171 817 212 862 hue
223 829 300 874 usque.
523 845 525 850 ,
703 819 732 860 21
752 813 799 876 Ipsi
810 813 863 861 verri
872 816 1026 872 reclamabant,
1037 819 1135 864 dicentes

201 884 217 926 6
234 877 322 924 Pilatus
331 873 393 932 verti,
404 873 481 924 auditi
491 873 596 930 Galilaei,
606 877 640 924 in·
673 876 793 940 crucifige,
804 878 910 940 crucifige
921 895 980 926 eurn.

172 942 293 1004 terrogavit
312 957 368 988 num
385 944 455 988 homo
471 942 514 987 iste
529 941 642 988 Galilaeus
704 945 735 987 22
753 941 795 988 llle
803 949 877 989 autem
886 944 952 990 tertii
960 945 1016 990 dixit
1024 959 1063 1000 ets,
1073 944 1135 999 Quid

173 1015 238 1054 esset.
671 1007 732 1052 enim
742 1005 784 1052 iste
795 1006 847 1052 mali
862 1005 932 1052 iecit?
954 1008 1037 1054 nullam
1054 1025 1135 1056 nonant

204 1074 218 1118 t
236 1069 270 1116 Et
288 1085 357 1130 quum
378 1070 523 1132 cognovisset
544 1085 596 1116 eum
612 1069 640 1115 nd
671 1069 787 1131 capitalem
803 1070 879 1116 inveni
895 1070 918 1116 in
937 1087 977 1118 eo:
1004 1073 1136 1134 ωῐῂιιιιειι

175 1133 276 1181 Herodis
285 1141 421 1196 potestatem
431 1134 549 1194 pertinere,
557 1134 641 1180 remisit
671 1149 726 1195 ergo
737 1148 789 1178 eum
800 1134 916 1180 dimittam.

173 1215 223 1246 eum
240 1199 270 1244 ad
287 1197 413 1252 Herodem,
429 1197 467 1258 qui
483 1198 570 1260 etipse
581 1197 640 1244 Hie·
704 1201 737 1243 25
753 1197 787 1243 At
798 1197 829 1243 illi
840 1198 951 1244 instabunt
967 1198 1057 1244 vocilms
1072 1213 1137 1260 mag·

175 1263 292 1323 rosolymis
303 1269 352 1308 erat
362 1277 402 1323 per
413 1277 453 1308 eos
464 1262 518 1308 dies.
672 1262 707 1308 nis
726 1268 827 1322 petentes
845 1267 871 1308 ut
887 1261 935 1322 ipse
954 1263 1135 1324 crucilrgereturt

206 1331 220 1372 8
239 1325 346 1372 Herodes
365 1333 440 1388 autem
459 1326 509 1373 viso
527 1325 584 1374 Jean
599 1341 641 1387 ga·
672 1335 695 1372 et
705 1325 868 1372 invalescebant
879 1341 946 1372 voees
957 1342 1033 1372 eorum
1050 1343 1076 1374 ae
1092 1327 1137 1389 pri·

176 1392 235 1438 visus
245 1397 281 1437 eat
293 1385 374 1437 valde:
398 1405 451 1436 nam
467 1405 482 1436 a
496 1390 568 1436 multo
584 1399 641 1438 tern-
672 1391 792 1436 ruariorum
804 1390 951 1437 suerdotum.

173 1471 228 1516 pore
247 1455 349 1517 cupiebat
358 1453 420 1500 leum
437 1455 519 1509 videre,
539 1451 566 1500 ed
583 1451 642 1515 quid
712 1458 744 1499 24
764 1453 824 1500 Turn
848 1453 934 1502 Pilatus
955 1452 1077 1502 secundini
1098 1471 1136 1503 eor

174 1519 294 1566 audivisset
315 1517 386 1564 multa
407 1519 435 1564 de
454 1534 498 1575 eo;
525 1525 549 1565 et
567 1533 642 1580 spera·
668 1518 782 1579 judicavit,
805 1527 829 1566 ut
851 1519 913 1566 tieret
934 1519 994 1580 quod
1016 1521 1055 1582 ipsi
1074 1529 1136 1582 pete·

175 1590 208 1629 ret
219 1599 243 1630 se
255 1583 345 1645 signum
356 1582 446 1643 aliquod
457 1583 556 1630 visurum
572 1583 600 1629 ab
615 1599 642 1630 eo
672 1583 731 1628 bant.

174 1647 229 1694 lieri.
705 1649 737 1694 25
754 1646 847 1693 Dimisit
867 1655 942 1695 autem
963 1647 996 1694 eis
1017 1647 1079 1693 illurn
1100 1649 1137 1708 qui

207 1709 393 1772 9Interrogavit
414 1717 489 1756 autem
509 1726 561 1757 eum
584 1709 642 1757 mul·
673 1718 763 1772 propter
781 1712 911 1758 seditionem
929 1718 953 1756 et
971 1711 1061 1757 caedem
1083 1727 1137 1758 con-

175 1787 198 1822 to
220 1791 341 1833 teneone,
363 1775 403 1822 sed
424 1775 472 1836 ipse
493 1775 547 1822 nihil
567 1776 588 1822 ei
607 1792 642 1822 re·
669 1775 743 1836 jectus
754 1774 825 1820 iuerat
836 1775 859 1820 in
870 1789 987 1827 carcerem,
1005 1789 1070 1833 quem
1081 1775 1137 1836 peti·

175 1840 271 1902 qondit
674 1847 753 1884 erant:
777 1836 856 1885 Jeaum
871 1835 926 1883 verti
942 1837 1031 1883 tradidit
1047 1837 1083 1884 ille
1099 1855 1135 1885 eo·

210 1907 240 1950 10
257 1903 382 1950 Adstabant
399 1910 474 1951 autern
493 1903 590 1964 primarii
607 1919 643 1950 sa·
675 1917 724 1948 rum
734 1901 850 1947 voluntati.

176 1969 277 2015 cerdotes
287 1976 311 2014 et
319 1969 402 2015 scribae
408 1965 491 2030 magni
498 1968 642 2014 contentione
707 1970 738 2012 26
755 1969 771 2025 ff
780 1963 858 2019 Quum
869 1964 938 2026 igitur
944 1964 1138 2020 abducerenteum,

175 2048 228 2080 enm
239 2039 376 2078 aemuantes.
674 2030 783 2092 prehenso
795 2029 887 2076 Simone
900 2029 995 2090 quodam
1014 2027 1138 2091 Cyrenaeo,

210 2101 237 2142 ll
258 2096 363 2143 Herodes
379 2103 461 2149 autem,
475 2096 643 2142 commilitibus
673 2095 710 2156 qui
733 2095 834 2141 veniebat
855 2110 913 2148 rure,
940 2093 1094 2155 imposuerunt
1119 2096 1138 2142 ei

176 2161 229 2207 stria.
241 2175 310 2221 quum
322 2176 425 2222 cumpro
441 2160 509 2206 nihilo
525 2161 643 2214 habuisset,
673 2174 762 2204 erucem
773 2158 886 2205 serendam
898 2155 956 2220 poni
967 2158 1053 2206 Jeaum.
1156 2199 1163 2212 ,

176 2235 198 2270 et
207 2225 312 2271 illusisset
322 2227 351 2278 ei,
367 2225 473 2270 amictum
490 2233 553 2271 veste
568 2225 642 2287 splen·
707 2225 737 2269 27
755 2223 891 2283 Sequebatur
901 2231 975 2268 autem
991 2239 1043 2270 eum
1057 2238 1139 2284 magna

177 2286 228 2336 didit
239 2289 323 2335 remisit
333 2288 361 2334 ad
377 2288 482 2334 Pilatum.
674 2285 792 2332 multitudo
809 2285 890 2346 populi,
907 2293 930 2332 et
944 2286 1068 2340 mulierum,
1084 2301 1140 2346 quae

206 2357 242 2398 ,12
259 2352 292 2399 Et
305 2351 356 2398 sacti
373 2360 426 2399 sunt
441 2353 505 2398 amici
522 2353 579 2398 inter
596 2368 645 2400 aeae
674 2357 698 2396 at
708 2349 826 2410 plangebat
836 2358 860 2395 et
869 2349 1028 2396 lamentabatur
1038 2365 1097 2396 eum.

180 2417 265 2464 litatus
276 2425 299 2464 et
311 2416 417 2463 Herodes
427 2433 455 2462 eo
466 2418 513 2478 ipse
523 2418 572 2464 die:
592 2433 644 2463 nam
708 2417 738 2459 28
757 2411 887 2460 Conversus
894 2419 968 2458 autem
980 2413 1008 2458 ad
1018 2428 1055 2458 eas
1066 2411 1140 2467 Jesus,

179 2492 244 2528 autea
254 2481 338 2528 inimici
349 2488 412 2527 mant
423 2481 481 2527 iuter
492 2497 547 2526 sese.
675 2478 737 2532 dixit,
755 2476 825 2524 Filiae
838 2475 987 2531 Hierusalem,
1004 2492 1033 2522 ne
1046 2475 1098 2522 flete
1113 2478 1140 2524 de

212 2549 242 2591 13
259 2545 345 2592 Pilatus
353 2541 414 2598 verri,
427 2545 554 2591 convocatis
562 2545 644 2606 pn'ma-
675 2557 727 2598 me;
749 2538 827 2588 verdm
838 2541 866 2588 de
877 2541 993 2602 vobisipsis
1003 2540 1061 2597 flete,
1078 2547 1101 2587 et
1114 2541 1141 2588 de

178 2610 215 2656 riis
226 2610 382 2664 sacerdotibus,
399 2616 423 2655 et
433 2610 602 2670 magistratibus,
619 2625 646 2656 ac
675 2606 747 2654 liberis
759 2606 850 2653 vestris.

179 2674 266 2736 populo,
708 2675 740 2719 29
757 2671 817 2718 Nam
829 2685 887 2726 eece,
904 2669 995 2718 venient
1005 2670 1052 2717 dies
1062 2669 1140 2731 quibus

212 2741 243 2784 14
260 2737 326 2784 Dixit
335 2737 376 2792 eis,
394 2736 511 2784 Obtulistis
522 2737 574 2783 mihi
586 2738 645 2784 hunc
676 2735 756 2791 dicent,
776 2735 860 2782 Beatae
877 2736 969 2791 steriles,
989 2742 1013 2782 et
1030 2735 1086 2782 uteri
1103 2736 1141 2796 qui

178 2802 291 2848 hominem
307 2812 413 2862 tanquam
426 2809 562 2848 avertentem
573 2818 645 2864 popu·
676 2815 721 2846 non
740 2808 873 2862 genuerunt,
895 2808 919 2848 et
937 2802 1005 2848 ubera
1022 2815 1079 2862 quae
1095 2815 1140 2846 non

179 2866 239 2912 tum:
259 2873 283 2912 et
293 2881 351 2921 eece,
368 2881 413 2927 ego
422 2865 447 2912 in
458 2867 526 2912 vestri
537 2881 645 2928 conspee-
676 2864 820 2911 lactaverunt.

179 2939 203 2976 tu
219 2930 349 2990 quaestione
366 2927 445 2984 habiti,
463 2931 545 2976 nullam
563 2945 644 2977 noxam
707 2933 741 2976 30
756 2929 817 2975 Tum
828 2929 934 2990 incipient
941 2929 1015 2974 dicere
1022 2927 1141 2980 montibus,

180 2995 254 3040 inveni
265 2994 287 3040 in
298 2995 389 3041 homine
399 2993 449 3048 isto,
465 3009 495 3040 ex
510 2994 537 3040 iis
551 2995 580 3040 de
595 2995 645 3056 qui·
677 2991 757 3040 Cadite
773 2993 795 3038 in
812 3007 871 3048 n0a3
893 2999 916 3037 et
931 2991 1029 3044 collibus,
1051 2989 1142 3052 Operite

180 3058 220 3104 bus
231 3059 339 3106 accusatis
349 3073 409 3104 euru
676 3072 725 3102 nos.

214 3125 243 3169 15
260 3119 576 3182 SedueHerodeaquidim
593 3137 644 3170 nam
708 3123 737 3164 st
757 3117 819 3164 Nam
839 3116 857 3161 si
876 3115 899 3162 in
918 3116 1004 3161 virente
1020 3115 1084 3177 ligno
1100 3115 1141 3164 ista

181 3186 254 3232 tamisi
274 3202 315 3232 voa
330 3186 359 3232 ad
375 3185 454 3243 illum;
476 3194 500 3233 et
515 3203 574 3240 ecee,
592 3187 646 3232 nihil
677 3183 766 3234 iaciunt,
778 3181 801 3227 in
811 3179 873 3226 arido
884 3179 937 3240 quid
948 3178 1005 3226 fiet?

182 3249 272 3312 tl'qnum
283 3257 356 3296 morte
364 3250 449 3296 'laetum
460 3259 495 3298 ast
506 3251 533 3298 nh
542 3266 578 3298 eo.
709 3251 741 3292 52
758 3245 905 3291 Ducebantur
926 3249 1001 3290 autern
1022 3243 1089 3288 etiarn
1105 3243 1140 3290 alti

214 3317 243 3360 16
262 3311 403 3376 Castigatum
422 3329 477 3376 ergo
496 3330 549 3361 eum
571 3315 645 3362 dimit·
677 3310 734 3421 duod
743 3323 784 3372 qut
795 3317 863 3356 eram
873 3307 973 3363 malefici,
990 3322 1041 3354 cum
1057 3322 1085 3354 eo
1102 3324 1141 3354 ne·

183 3385 233 3426 nm.
678 3391 718 3422 can
733 3391 750 3423 r.

215 3444 242 3487 1·Ι
262 3440 375 3504 (Necesse
385 3451 459 3488 autem
469 3442 563 3489 habebat
571 3441 646 3488 dimit·
710 3443 743 3486 35
759 3442 776 3500 q
784 3437 862 3492 Quum
873 3438 943 3500 igitur
953 3435 1066 3483 venissent
1076 3435 1099 3482 in
1108 3436 1142 3482 lo·

183 3513 228 3552 tere
243 3505 275 3552 eia
291 3506 386 3568 singulis
403 3505 465 3554 iestis
482 3521 552 3553 unum
568 3523 646 3568 qnem-
678 3519 729 3550 eum
741 3505 778 3564 qul
795 3511 887 3550 vocatur
905 3500 1014 3553 Calvaria,
1031 3499 1075 3546 ilne
1091 3516 1142 3548 cru.

185 3567 264 3629 amna)
678 3567 795 3615 eilixerunt
816 3582 874 3622 euro,
896 3573 920 3613 et
941 3563 1053 3612 maleficos
1074 3564 1140 3624 illos3

216 3637 245 3680 18
262 3631 404 3680 Exclamavit
421 3640 495 3680 autem
512 3633 579 3680 simul
597 3633 646 3680 uoi-
679 3647 748 3678 unum
759 3631 787 3677 ud
800 3630 907 3682 dextram.
924 3630 1017 3677 alterum
1034 3630 1061 3677 sd
1077 3632 1140 3680 sinia-

184 3711 246 3744 maa
256 3699 326 3752 turba,
343 3698 425 3752 diceus,
443 3697 509 3744 Tolle
524 3699 585 3744 hune
613 3697 647 3744 di·
679 3703 744 3742 tram

186 3761 245 3808 mitoe
254 3759 309 3810 νεεδ
320 3762 383 3808 nobis
395 3760 532 3810 Barabbnmt
548 3799 550 3804 ,
710 3763 744 3806 34
759 3756 827 3806 ,lesus
838 3767 911 3808 autem
920 3759 1009 3806 dicebat
1023 3757 1093 3806 Pata
1107 3773 1136 3808 υ
