2720 4312
518 410 640 461 rscom
659 411 836 468 urrsrona
859 411 907 472 ru.

235 531 277 563 aon
294 515 362 564 t'uerls
377 519 513 573 moechatus,
534 518 640 565 occideris
655 533 696 566 au·
728 525 893 580 mortuumest,
904 520 933 566 its
946 527 968 564 et
979 517 1034 565 tides
1044 519 1079 565 illa
1094 535 1151 580 quoe
1160 528 1190 568 rs¹

233 587 283 635 tem¹
296 580 402 628 lecturos
413 587 563 643 transgressor
573 583 636 643 legis.
729 584 809 644 absque
820 585 921 644 operibus
933 589 1021 630 mortua
1031 591 1072 630 est.

267 648 296 690 12
313 642 350 691 lta
366 645 480 704 loquimini
498 653 521 692 et
538 648 569 692 ita
581 647 653 701 facite,
673 654 697 692 ut

234 723 272 770 per
283 708 355 768 legem
368 709 472 755 libertatis
479 710 601 770 judicandi.
892 707 965 758 cnl‘.
983 708 1033 756 Ill.

268 776 297 816 15
315 771 374 818 Nam
386 773 496 820 damnatio
513 775 594 834 absque
610 774 697 820 miseri·
793 772 897 820 Ecstote
909 775 971 820 multi
989 776 1097 828 doctores,
1113 775 1191 822 fratrer

234 833 307 881 rordii
315 838 359 882 erit
367 838 388 882 ei
396 837 433 897 qui
442 851 486 882 non
494 838 625 898 praestiterit
630 839 697 884 mise-
802 839 853 890 mei,
862 838 955 885 scientes
963 839 1016 894 fore,
1025 847 1050 884 ut
1057 840 1147 900 gravius
1154 841 1192 902 ju·

236 899 364 946 ricordiams
387 909 410 946 et
426 900 535 962 gloriatur
548 901 698 963 misericordia
730 900 811 946 dicium
822 901 954 948 auferamus.

234 961 340 1010 adverstls
351 965 536 1010 damnationem
576 987 578 992 ·
764 969 778 1010 2
791 963 966 1012 lnmultisenim
974 965 1116 1028 impingimus
1124 980 1192 1012 cunc-

269 1030 299 1072 14
316 1026 382 1082 Quae
390 1029 478 1082 utilitas,
490 1028 569 1075 iratres
579 1028 629 1083 mei,
642 1029 659 1076 si
671 1027 698 1074 li-
731 1027 755 1075 ti.
789 1029 863 1090 Siquis
884 1029 907 1075 in
930 1045 1032 1076 sermone
1050 1045 1095 1076 ncn
1112 1030 1194 1090 impia·

236 1089 285 1138 dem
297 1091 355 1138 dicat
365 1092 443 1152 aliquis
454 1093 533 1139 habere
542 1109 571 1147 se,
583 1109 650 1154 opera
658 1109 698 1140 ve·
730 1092 771 1154 git,
788 1093 824 1138 hic
834 1093 944 1154 perfectus
955 1102 990 1140 est
1000 1095 1041 1148 vir,
1058 1100 1083 1140 ut
1094 1094 1131 1154 qui
1141 1109 1194 1153 pos›

238 1151 317 1202 :doun
329 1155 426 1202 habeat?
443 1172 496 1202 num
507 1163 580 1219 potest
593 1157 647 1204 fides
662 1158 700 1204 illa
723 1158 760 1202 ¹sit
770 1155 847 1203 fraeno
858 1157 966 1204 moderari
978 1165 1049 1204 totum
1060 1157 1131 1206 etiam
1143 1172 1194 1203 cor·

238 1233 287 1266 sim
299 1219 407 1266 servare?
731 1235 780 1282 pus.

270 1285 298 1330 15
316 1281 385 1338 Quod
400 1284 418 1330 si
435 1283 504 1330 frater
518 1291 556 1330 aut
570 1300 633 1331 soror
645 1283 699 1331 nudi
763 1287 787 1330 5·
796 1283 864 1338 Ecce,
875 1284 937 1344 equis
948 1283 1024 1331 fraena
1034 1283 1057 1330 in
1066 1283 1195 1330 oraimrnit·

236 1344 324 1403 tuen'nt,
346 1355 369 1394 et
389 1356 481 1410 egentes
502 1349 630 1409 quotidiano
652 1351 700 1396 vic·
731 1347 805 1401 timus,
828 1355 853 1394 ut
869 1349 972 1395 obediant
989 1349 1058 1403 nobis,
1079 1355 1104 1395 et
1123 1355 1195 1394 totum

237 1417 268 1465 ts,
731 1426 812 1474 corpus
819 1427 896 1458 eorum
907 1412 1084 1474 circumagimus.

272 1476 301 1520 16
318 1473 387 1520 Dicat
408 1481 481 1520 autem
501 1474 533 1522 eis
552 1475 630 1536 aliquis
649 1490 699 1522 res·
763 1479 780 1520 4
796 1475 864 1530 Ecce,
876 1491 944 1522 naves
955 1491 1048 1537 quoque,
1063 1491 1131 1536 quum
1143 1482 1194 1521 ten·

238 1538 303 1591 cmm,
321 1537 388 1584 Abite
404 1554 455 1584 curn
472 1554 532 1598 pace,
549 1539 657 1593 calescite,
677 1547 700 1586 et
731 1544 767 1584 tae
784 1539 834 1592 sint,
851 1547 874 1586 et
884 1536 898 1586 b
908 1541 981 1586 rectis
992 1543 1063 1586 saeris
1074 1539 1194 1600 agitentur,

238 1601 382 1656 saturamini3
405 1616 449 1648 non
463 1610 536 1648 tamen
549 1603 652 1648 dederitis
668 1603 701 1649 eis
731 1600 1032 1664 circumagunturbminimo
1038 1603 1196 1666 gubernaculo,

237 1672 357 1773 quae2suut
367 1673 418 1726 apta
428 1667 521 1728 corpori,
535 1682 591 1728 quoe
601 1669 644 1713 erit
657 1667 700 1712 uti·
732 1681 864 1728 quocunque
874 1667 982 1729 impulsus
992 1668 1145 1730 gubernatoris
1154 1683 1195 1712 vo·

237 1729 287 1776 litas
732 1730 810 1776 luerit:

273 1797 301 1840 17
319 1791 355 1840 lta
365 1809 452 1855 quoque
463 1792 523 1849 fidos,
540 1793 558 1840 si
575 1811 641 1857 opera
656 1811 700 1842 non
764 1797 779 1841 5
797 1792 833 1841 lta
843 1802 866 1840 et
878 1794 955 1855 lingua
962 1795 1065 1856 pusillum
1071 1795 1193 1841 membrum

239 1857 322 1910 lrabeat,
334 1865 466 1905 mortuaest
477 1875 557 1920 perse.
732 1865 773 1911 est,
790 1867 813 1904 et
829 1874 876 1904 sese
892 1859 956 1906 ellbrt
966 1855 1098 1920 magnifices
1124 1858 1192 1904 Ecce.

272 1925 301 1967 18
319 1921 428 1975 Quinimo
444 1922 501 1969 dicet
519 1923 603 1982 aliquis,
621 1921 658 1969 Tu
675 1921 700 1968 fi·
732 1923 827 1984 exiguus
838 1922 1011 1984 ignisquantam
1028 1923 1142 1968 materiam
1159 1923 1193 1968 in·

241 1985 288 2030 lem
300 1986 371 2038 habes,
389 1993 412 2031 et
422 2002 466 2047 ego
477 2001 545 2048 opera
555 1987 637 2032 habeor
662 2001 700 2032 os·
733 1985 819 2033 cendit!

240 2048 305 2094 tende
315 2048 368 2094 mihi
380 2049 444 2095 fidem
457 2058 518 2096 tuam
530 2051 611 2110 absque
628 2050 700 2111 operi-
766 2055 781 2096 6
798 2049 830 2095 Et
841 2049 917 2111 lingua
927 2049 1017 2096 flamma
1027 2057 1065 2106 est,
1073 2049 1195 2096 elmundus

238 2113 278 2158 bus
289 2113 339 2164 tuis,
350 2119 373 2158 et
384 2129 427 2173 ego
438 2114 553 2160 ostendam
565 2115 601 2160 tibi
610 2129 638 2160 ex
647 2131 700 2175 cpe-
732 2113 865 2173 iniquitatis:
890 2113 927 2167 ita,
939 2116 1041 2174 inquam,
1053 2113 1130 2174 lingua
1140 2129 1194 2158 corr·

239 2177 297 2221 ribus
309 2175 440 2222 melotidem
451 2192 530 2223 mean.
610 2189 611 2194 ¹
733 2179 810 2223 stituta
820 2185 854 2224 est
865 2177 922 2224 inter
932 2179 1031 2224 membra
1047 2185 1129 2230 nostra,
1146 2191 1194 2222 ma-

274 2243 303 2287 19
319 2239 356 2286 Tu
367 2241 438 2288 credis
455 2240 531 2288 Deum
549 2256 617 2286 unum
633 2256 698 2288 esse:
733 2241 809 2288 culans
821 2249 892 2286 totum
903 2257 991 2302 corpus,
1006 2241 1147 2286 inflammans
1159 2257 1196 2285 ro-

239 2299 379 2350 rectet'acis:
404 2305 521 2352 daemonia
536 2321 623 2365 quoque
639 2307 701 2352 tund
734 2305 905 2366 tamgenituroe
916 2313 1010 2359 nostrae.
1026 2313 1049 2350 et
1059 2303 1195 2350 inflammata

239 2368 338 2421 credunt,
350 2375 373 2414 et
383 2369 520 2415 horrescunt.
733 2365 747 2414 l
757 2365 866 2430 gehenui.

271 2435 303 2478 20
321 2431 362 2478 Vis
382 2431 434 2479 verri
455 2431 526 2486 adase,
549 2435 616 2480 bomo
638 2449 701 2488 vane,
766 2435 780 2479 7
798 2431 878 2479 Omnis
889 2433 948 2478 enim
957 2431 1165 2478 naturaetlerartrm
1175 2440 1195 2477 ct

240 2493 305 2542 tidem
316 2504 418 2556 quaeest
429 2498 509 2557 absque
523 2497 624 2558 operibus
640 2511 700 2540 uror-
734 2496 856 2549 volucrum,
868 2497 1045 2557 serpentiumque
1061 2504 1084 2542 et
1100 2496 1196 2540 marino·

239 2567 299 2606 tuam
311 2559 377 2606 esse?
734 2575 790 2614 rum,
802 2559 903 2617 domatur
914 2568 936 2607 et
947 2561 1031 2606 domita
1044 2567 1079 2606 est
1092 2555 1105 2605 ri
1120 2555 1196 2605 naturb

195 2645 200 2648 ·
271 2627 299 2668 21
319 2622 459 2670 Abralramus
485 2632 548 2685 pater
568 2625 605 2670 ille
626 2633 702 2670 noster
734 2621 845 2670 humani:

240 2701 315 2732 noune
335 2700 365 2732 ex
386 2687 487 2746 operibus
505 2687 638 2748 justificatus
660 2696 700 2742 est,
766 2690 781 2732 8
799 2685 911 2748 Linguam
919 2694 992 2734 autem
1002 2687 1075 2733 nullus
1083 2686 1197 2732 hominum

240 2765 306 2810 quum
318 2749 432 2795 obtulisset
443 2747 544 2796 Isaacum
556 2750 624 2796 filium
636 2767 701 2797 suum
734 2749 824 2796 domare
835 2760 922 2811 potest;
940 2752 1021 2798 malum
1038 2758 1070 2797 est
1084 2751 1144 2810 quod
1158 2765 1197 2794 co·

239 2828 304 2875 super
315 2812 400 2859 altare?
734 2829 809 2860 arcere
819 2829 864 2860 non
882 2817 965 2876 possis:
984 2815 1049 2877 plena
1063 2822 1095 2861 est
1112 2829 1197 2859 ueneno

271 2881 303 2922 22
320 2876 389 2924 Vides
400 2875 466 2922 fidem
477 2876 625 2924 administrum
635 2877 703 2924 luisse
735 2877 856 2924 mortifero.

240 2956 329 3002 operum
345 2941 419 3002 ipsius,
436 2948 459 2986 et
474 2957 504 2988 ex
519 2943 620 3004 operibus
634 2941 702 3005 tidem
767 2947 782 2989 9
799 2940 844 2988 Per
857 2942 926 3003 ipsam
940 2941 1089 2988 benedicimus
1104 2939 1158 2986 Deo
1174 2953 1197 2986 er

241 3006 359 3068 perlectam
370 3005 455 3052 luisse?
735 3004 803 3059 Patri,
817 3012 839 3052 et
856 3021 895 3067 per
908 3006 976 3066 ipsam
992 3005 1142 3052 maledicimus
1157 3005 1198 3050 lro·

272 3074 304 3115 25
328 3069 407 3131 ltaque
426 3069 516 3130 impleta
537 3077 571 3116 est
596 3070 704 3131 scriptura
734 3069 828 3115 minibus
854 3070 891 3130 qui
918 3070 947 3116 ad
967 3069 1131 3116 similitudinem
1152 3067 1199 3115 Det

242 3132 552 3197 quaedicitCrediditautem
562 3134 703 3180 Abrabamus
733 3133 815 3179 conditi
827 3141 885 3179 suut
1200 3137 1204 3148 ¹

243 3197 301 3251 Deo,
321 3205 344 3244 et
360 3199 491 3258 imputatum
507 3204 542 3243 est
559 3198 580 3244 ei
597 3197 702 3260 adjusti-
769 3200 799 3242 10
821 3196 859 3243 Ex
874 3195 952 3243 eodem
965 3211 1004 3242 ore
1018 3195 1116 3258 procedit
1132 3195 1194 3242 bene·

242 3261 300 3312 tium.
312 3269 335 3308 et
345 3262 429 3307 amicus
441 3260 486 3306 Dei
497 3269 590 3306 vocatus
600 3269 641 3307 est.
734 3259 801 3305 dictio
819 3267 843 3306 et
863 3260 994 3306 maledictio.
1029 3259 1052 3304 N
1054 3275 1084 3306 on
1105 3266 1199 3321 oportet,

274 3329 305 3370 24
322 3325 409 3371 Videtis
416 3325 484 3386 igitur
490 3328 519 3370 ex'
527 3325 628 3386 operibus
633 3324 702 3386 justi·
732 3323 811 3370 fratres
821 3325 872 3378 mei,
883 3325 937 3369 haec
948 3325 979 3369 ita
988 3323 1042 3369 lieri.

242 3386 301 3436 icari
318 3389 438 3444 bominem,
458 3396 481 3434 et
497 3403 542 3434 nou
558 3403 587 3435 ex
597 3387 641 3436 tide
652 3397 702 3435 tau·
768 3391 794 3432 11
815 3388 878 3434 Num
895 3387 946 3433 lons
962 3401 991 3432 ex
1004 3387 1082 3432 eodem
1093 3384 1201 3434 summias

243 3447 295 3498 trlm
733 3449 807 3498 tundit
817 3451 903 3498 dulcem
915 3458 937 3496 et
948 3465 1044 3496 asnorum
1056 3449 1161 3509 aquom!

273 3518 305 3563 25
323 3515 428 3563 Snniliter
445 3522 519 3562 autern
538 3515 604 3562 etiam
624 3515 703 3562 Rahab
769 3518 798 3561 12
815 3514 877 3560 Num
892 3522 971 3576 potest,
987 3514 1066 3560 tratres
1078 3514 1129 3567 mei,
1144 3512 1200 3559 ficus

244 3577 282 3626 illa
292 3581 403 3634 meretrix,
415 3595 489 3626 annon
500 3593 529 3626 ex
539 3580 641 3640 operibus
652 3581 702 3642 jus-
734 3577 794 3624 uleus
804 3579 875 3632 edere,
887 3586 926 3625 aut
936 3579 988 3624 ritis
1000 3577 1071 3623 ficus?
1087 3577 1118 3623 ita
1129 3591 1200 3637 neque

242 3641 324 3689 blicata
333 3651 374 3697 est,
390 3659 458 3705 quum
474 3643 595 3704 accepisset
610 3644 704 3690 nuncios
735 3642 793 3690 salsa
803 3643 889 3689 dulcem
900 3658 979 3702 aquam
987 3649 1061 3702 potest
1072 3641 1143 3687 edere.

241 3703 298 3757 illos,
309 3713 333 3751 et
343 3704 385 3752 alit
395 3705 431 3753 vid
441 3707 567 3752 emisisset?
769 3711 799 3752 15
816 3706 874 3760 Quis
885 3707 971 3766 sapiens
982 3714 1004 3751 et
1016 3701 1107 3750 scientiis
1115 3703 1200 3765 praedi·
1223 3738 1226 3746 .

273 3765 314 3814 96'
322 3768 382 3814 Nam
390 3771 532 3822 sicutcorpus
540 3770 621 3828 absque
628 3771 704 3830 spiritu
736 3777 772 3815 tus
783 3779 815 3815 est
826 3769 949 3816 intervos?
966 3770 1102 3814 demonstret
1110 3783 1139 3812 ex
1146 3765 1200 3813 boni
