2720 4312
431 364 453 407 2
471 359 521 406 AD
534 359 755 415 CORINTHIOS,
780 361 828 408 lll.

178 461 225 510 lam
237 469 308 518 mnus
321 479 350 514 ne
361 465 429 510 cllum
440 479 570 526 aggravem,
582 465 644 510 vobis
706 467 728 510 5Δ
740 464 803 511 Dum
815 466 886 528 palem
898 468 926 514 sit
937 483 978 516 ros
993 483 1043 517 esse
1058 470 1138 532 episto.

179 527 283 574 nnnibrs.
675 527 719 573 lam
740 528 823 576 Christi
839 531 1025 580 subministratum
1041 547 1056 580 ι
1071 536 1139 590 nobis,

208 594 224 638 6
240 591 328 637 Sufficit
349 591 475 636 istiusmodi
496 593 586 638 hornini
603 594 644 639 ista
676 592 802 652 inscriptam
814 609 858 639 non
869 604 999 649 atramento,
1011 597 1139 660 sedSpiritu

179 651 297 716 baempatio
304 671 317 700 a
327 654 427 716 pluribus
436 653 547 715 profecto.
678 653 722 699 Dm
736 658 792 712 rivi3
810 673 854 704 uon
866 659 888 704 in
900 661 978 706 tabulis
989 661 1085 722 lapideis,
1102 664 1140 711 scd

209 720 223 764 ’1
242 717 277 764 Ut
286 719 421 765 econtrario
429 717 503 779 potitis
511 735 551 764 vos
559 735 580 766 es
588 735 643 766 con·
676 718 698 764 in
708 721 794 766 turreis
805 723 882 768 tabulis
893 725 972 770 cordis.

180 780 271 835 donetis,
282 798 334 828 enm
350 797 380 828 ue
395 783 548 837 consolemini,
561 798 643 844 nequo
708 787 724 827 4
742 783 855 830 Fiduciam
868 795 942 832 autern
959 788 1083 848 hujusmodi
1100 792 1138 839 hs·

180 845 245 891 modo
257 799 394 892 redundante
406 845 493 892 tristiut
504 848 644 894 absorbmtm
675 845 752 892 bemus
763 863 802 908 per
815 847 928 896 Christum
940 853 997 912 apud
1009 851 1100 901 Deum:

179 911 215 957 sir
223 910 356 970 hujusmodi.
708 913 723 956 5
741 910 795 956 Non
806 909 866 972 qudd
876 914 948 959 idonei
957 930 1033 961 sumus
1040 931 1080 976 per
1086 934 1139 966 aos-

211 977 226 1017 8
244 974 386 1034 Quapropter
397 989 475 1034 precor
484 989 530 1028 vos.
539 981 564 1020 ut
574 984 642 1021 ratam
676 971 735 1033 ipsos
756 975 784 1021 ad
800 976 942 1036 cogitandum
960 979 1082 1038 quicquam,
1100 998 1139 1029 ve·

180 1033 368 1083 fieisdsinillum
380 1039 515 1084 charitatem.
599 1059 605 1069 .
676 1035 710 1081 lut
730 1051 760 1083 ex
781 1039 910 1100 nobisipsis3
928 1041 966 1086 sed
987 1043 1047 1102 quod
1068 1044 1140 1094 idonei

212 1104 228 1148 9
244 1099 305 1146 Naar
315 1101 338 1146 in
350 1102 409 1146 hunc
420 1101 487 1148 tinem
496 1103 561 1148 etiam
573 1103 643 1164 scrip·
675 1115 759 1154 sumus,
771 1103 796 1148 rit
806 1116 835 1148 ex
846 1101 900 1148 Deo
910 1111 944 1150 est
950 1121 958 1160 3

180 1163 242 1216 siut
255 1180 414 1225 cognoscerem
429 1167 580 1226 probationem
591 1183 643 1212 ves·
708 1169 723 1210 6
741 1165 787 1218 Qui
798 1167 864 1212 etism
875 1167 933 1222 lecit,
950 1174 975 1214 ut
991 1167 1063 1215 idonei
1080 1187 1140 1218 essc-

181 1229 248 1280 trisil
256 1229 365 1280 est‚anad
374 1229 448 1275 omnia
456 1229 582 1275 obedientes
589 1230 644 1278 sitis.
676 1241 726 1274 mus
738 1229 830 1275 tnimstn'
843 1231 895 1276 novi
910 1231 1010 1286 foederis,
1028 1249 1073 1280 non
1092 1233 1140 1282 lite·

215 1295 244 1337 10
261 1289 305 1338 Cui
317 1289 370 1337 verri
380 1293 491 1354 quidpiam
507 1294 643 1347 condonatis,
676 1305 719 1344 rae,
731 1293 770 1338 sed
786 1294 887 1354 spiritus:
907 1310 957 1341 nam
975 1297 1039 1343 litera
1054 1299 1139 1353 occidit.

182 1361 255 1416 stege
267 1357 386 1401 condono.-
404 1371 456 1402 nam
471 1364 494 1402 et
508 1373 552 1418 ego
563 1358 580 1402 si
592 1359 645 1418 quid
677 1355 766 1416 spiritus
775 1366 848 1403 autern
862 1358 963 1405 vivificat.

180 1419 311 1472 condonavi,
334 1419 370 1464 cui
396 1421 527 1473 condonavi,
555 1430 645 1482 propter
708 1422 722 1466 7
743 1418 811 1474 Quid
828 1422 845 1468 si
863 1424 939 1469 mortis
956 1424 1100 1472 ministerium
1117 1427 1139 1474 ia

181 1496 221 1528 vos
236 1485 262 1528 iu
270 1481 329 1544 feci,
341 1483 363 1528 ln
378 1479 499 1544 conspectu
518 1484 607 1538 Christi.
620 1493 645 1532 ut
675 1481 744 1530 literis
751 1487 858 1544 potitum,
869 1495 892 1533 et
908 1487 1051 1535 informatum
1068 1490 1090 1537 in
1107 1490 1138 1539 la·

182 1562 207 1592 ne
218 1561 347 1608 superemur
358 1562 371 1592 a
383 1545 478 1592 Satanai:
675 1545 766 1607 pidibus.
777 1548 820 1594 fuit
837 1551 966 1612 gloriosum,
981 1551 1037 1599 adesi
1053 1561 1078 1600 ut
1094 1569 1152 1610 nott,

213 1613 239 1655 11
259 1610 314 1656 Non
325 1611 384 1656 enirn
397 1611 455 1656 illius
471 1612 644 1658 machinationes
676 1619 766 1671 possent
777 1613 866 1659 intentis
877 1615 947 1661 oculis
962 1617 1041 1662 intueri
1053 1617 1091 1663 lilii
1104 1615 1139 1663 ls-

186 1692 525 1800 gxlo‘lalillllliquumvenissem
533 1740 643 1786 Troadem
676 1675 1139 1801 illdlnlisblbieieiulliolidbdrzlotreiagellarllln·

181 1804 544 1864 adpraedicandumevangelium
555 1804 644 1859 Christi,
675 1802 785 1857 bolenda;
1131 1817 1137 1822 “

180 1869 262 1914 etiamsi
274 1869 356 1914 ostium
368 1868 421 1913 mihi
432 1877 532 1928 apertum
543 1877 590 1914 erat
606 1885 645 1929 per
709 1869 724 1910 8
742 1865 787 1919 Qui
799 1881 843 1910 non
856 1864 927 1926 potiris
935 1867 1079 1913 ministerium
1090 1869 1138 1931 Spi-

181 1931 312 1985 Dominum,
324 1947 369 1977 non
386 1931 428 1976 fult
445 1933 543 1977 remissio
560 1933 643 1992 spiritui
676 1929 731 1975 tittls
742 1931 783 1975 erit
794 1930 934 1991 gloriosum?
989 1931 994 1935 ’

180 2011 234 2049 meo,
245 2011 273 2042 eo
284 1993 343 2055 quiid
355 2010 400 2041 non
417 1995 550 2041 invenissem
567 1995 644 2042 Titum
709 1999 725 2041 9
742 1993 801 2040 Nam
816 1995 833 2040 si
851 1995 993 2040 ministerium
1005 1995 1139 2042 condemna·

180 2059 266 2105 tratrem
278 2075 367 2105 meum:
676 2056 742 2102 tionis
753 2057 805 2120 fisit
827 2059 956 2120 gloriosum,
978 2056 1048 2105 multd
1070 2061 1141 2122 magis

213 2126 242 2168 15
265 2123 310 2168 Sed
331 2137 399 2183 quum
421 2122 463 2168 illis
486 2123 644 2177 valedixissem‚
677 2121 927 2184 ministeriumjustitiae
938 2123 1032 2170 abundat
1043 2123 1120 2184 glorii.

180 2187 254 2232 abilin
267 2185 430 2232 Macedoniam.
711 2189 741 2230 10
758 2185 847 2231 Etenim
860 2187 918 2246 quod
934 2186 1080 2246 glorificatum
1092 2188 1139 2243 tuit,

214 2254 243 2296 14
260 2250 313 2296 Deo
323 2253 353 2296 sit
365 2257 438 2296 eutem
450 2250 526 2310 gratia,
539 2251 575 2310 qui
592 2250 644 2297 lacit
677 2263 706 2294 ne
724 2248 870 2309 glorificatum
888 2245 977 2308 quidalm
996 2249 1039 2295 fuit
1057 2251 1097 2296 bac
1117 2252 1139 2298 in

180 2323 204 2358 ut
215 2330 301 2375 semper
312 2315 472 2374 triumphemus
483 2314 505 2358 in
516 2312 612 2368 Christo,
622 2323 645 2361 et
676 2321 744 2372 parte,
756 2314 781 2357 t'tl
792 2321 830 2365 est,
839 2313 898 2372 quod
906 2313 934 2358 sd
943 2321 1080 2373 superantem
1089 2315 1139 2376 gls-

180 2378 270 2424 odorem
282 2379 373 2424 notitiae
384 2393 435 2424 suas
445 2377 585 2432 mutilestum
593 2379 645 2424 lacit
676 2377 731 2422 riam
742 2377 826 2422 attinet

16 2495 18 2506 Ι
101 2497 106 2504 Ι
180 2453 219 2499 per
229 2456 271 2488 nos
281 2443 342 2487 omni
354 2441 376 2486 in
387 2441 445 2486 loco.
711 2442 737 2484 ll
758 2439 818 2485 Nam
841 2439 859 2484 'si
881 2437 939 2498 quod
961 2439 1066 2493 aboletur,
1086 2439 1138 2502 fvit

214 2508 243 2552 15
271 2505 331 2552 Nam
350 2503 433 2552 Christi
450 2505 508 2550 bona
523 2503 645 2566 fragrantia
676 2503 804 2564 gloriosum,
814 2499 883 2548 multri
894 2503 965 2564 magis
973 2513 1007 2549 est
1017 2505 1139 2566 gloriosum

181 2583 256 2615 tumus
268 2569 327 2623 Deo,
339 2569 362 2615 in
374 2570 400 2615 iis
411 2569 448 2630 qui
460 2579 581 2623 servantur,
591 2577 614 2615 et
622 2571 644 2616 in
677 2567 699 2613 id
710 2568 769 2628 quod
781 2576 861 2614 manet

183 2633 255 2692 isqui
266 2643 368 2694 pereunt.
712 2636 740 2677 12
761 2631 844 2693 ltaque,
863 2645 930 2692 quum
948 2633 1055 2693 ejusmodi
1078 2649 1138 2694 spem

214 2700 244 2742 16
261 2695 306 2742 His
327 2693 424 2757 quidem,
446 2697 502 2742 odor
523 2697 600 2743 mortis
617 2699 644 2744 ad
676 2696 800 2750 habeamus,
813 2695 882 2742 multi
893 2697 915 2742 in
927 2697 1036 2758 loquendo
1047 2699 1137 2745 eviden-

180 2768 290 2815 mortem
307 2758 349 2806 illis
361 2757 420 2814 verd,
432 2761 487 2805 odor
497 2761 555 2807 vitae
566 2762 592 2807 ad
610 2763 644 2807 vi·
677 2757 707 2805 tri
718 2761 806 2807 utimur·

180 2829 233 2870 tam.
267 2825 414 2871 Sedadbaec
424 2824 473 2884 quis
485 2824 593 2871 idoneus?
711 2827 740 2870 1³
758 2825 807 2871 Nee
824 2839 902 2871 stemus
921 2825 978 2870 sieut
995 2824 1079 2878 llloses,
1099 2832 1140 2884 qut

214 2890 243 2934 1'1
260 2887 315 2934 Non
327 2889 393 2942 enim,
406 2895 430 2933 ut
441 2889 544 2948 plerique,
561 2905 643 2950 caupo·
675 2886 800 2948 imponebat
812 2889 911 2934 velamen
922 2887 984 2933 faciei
996 2903 1054 2941 snae.
1067 2903 1095 2933 ne
1106 2889 1140 2934 120

181 2965 259 2998 namur
269 2967 394 2998 semronem
407 2951 468 3007 Dei;
485 2953 644 2999 scdutexsin·
676 2953 742 2997 tentis
758 2953 828 2998 oculis
845 2952 982 2996 intuerentur
999 2949 1036 2995 lilii
1054 2948 1139 2997 Israelis

181 3016 276 3070 oeritate,
289 3016 327 3061 sed
339 3025 363 3062 ut
374 3030 402 3061 ex
416 3015 473 3067 Deo,
486 3017 508 3061 in
525 3027 644 3078 conspectu
676 3015 698 3060 in
710 3014 776 3060 finem
789 3017 836 3075 ejus
846 3013 905 3072 quod
917 3012 1046 3057 abolendum
1059 3021 1111 3058 erat.

183 3075 226 3126 Da
237 3079 265 3125 de
278 3078 368 3126 Christo
380 3080 494 3140 loquimur.
710 3081 740 3122 14
758 3076 835 3136 ltaque
852 3075 1000 3121 occalluerant
1016 3086 1101 3120 mentes
1113 3075 1135 3122 il·

677 3141 756 3186 lorum.
790 3140 850 3186 Nam
862 3154 931 3196 usque
942 3138 969 3183 ad
980 3139 1037 3182 diem
1052 3139 1136 3185 hodier-

336 3204 410 3252 CAP.
435 3205 482 3251 lll.
677 3219 737 3258 num,
745 3205 767 3250 in
776 3204 870 3250 lectione
880 3201 968 3248 Veteris
977 3200 1082 3247 Foedcris
1091 3218 1137 3251 ma·

190 3275 207 3384 Ι
218 3262 391 3318 NClPlMUS
398 3285 473 3315 rursus
478 3271 577 3330 nosipsos
582 3286 644 3315 com-
676 3277 714 3314 net
726 3283 770 3313 non
783 3275 888 3314 retectum
901 3265 1000 3312 velamen
1012 3265 1071 3320 illud,
1081 3267 1139 3327 quod

209 3380 212 3386 ,
249 3333 371 3380 mentiare?
387 3341 423 3380 aut
436 3349 488 3379 num
504 3349 602 3394 egemus,
620 3342 645 3380 ut
676 3347 716 3393 per
728 3331 841 3379 Christum
850 3329 955 3376 aboletur.

181 3411 195 3442 n
205 3399 287 3450 unrulli,
296 3397 582 3457 commendatitiisepistolis
588 3398 645 3458 apud
713 3400 741 3442 15
759 3396 803 3442 Sed
814 3396 841 3441 ad
853 3395 910 3439 bunc
923 3393 1062 3453 usquediem
1072 3409 1138 3453 qitttnt

182 3476 226 3510 ros
239 3469 277 3508 aut
287 3462 471 3507 commendatitiis
482 3476 495 3506 a
506 3461 584 3506 vobis?
677 3459 758 3520 legitur
771 3459 855 3510 Moses,
873 3457 974 3503 velamen
990 3457 1050 3502 cordi
1064 3471 1138 3504 eorum

213 3529 228 3570 2
256 3524 359 3586 Epistola
381 3533 455 3572 nostra
476 3540 516 3570 vos
532 3525 592 3578 estis,
608 3525 643 3571 in·
677 3522 804 3584 impositum
816 3531 856 3567 est.

180 3589 261 3649 scripta
277 3589 299 3634 in
316 3589 416 3634 cordibus
433 3587 520 3640 nostris,
537 3589 644 3648 quaein·
713 3591 741 3632 16
759 3581 855 3638 Quandd
872 3580 988 3630 vertisses
1007 3589 1136 3633 converterit

183 3652 287 3712 elligitur
298 3660 321 3698 et
332 3651 412 3712 legitur
422 3653 446 3698 ab
460 3651 561 3696 sarnibus
572 3653 644 3697 homi·
678 3651 705 3696 ed
718 3649 849 3702 Dominum,
861 3647 947 3694 tollitur
957 3647 1057 3696 velamen
1068 3649 1129 3697 illud.

183 3717 260 3763 sibus:
713 3716 740 3760 17
759 3712 871 3759 Dominus
883 3709 935 3758 verri
944 3712 1039 3774 Spiritus
1049 3713 1086 3761 ille
1095 3723 1128 3760 est

392 3785 440 3832 tta
