2734 4314
603 443 754 500 MARCUS.
777 443 837 492 XII.

275 555 306 599 25
323 549 434 612 taquam
445 551 704 612 adstiteritisprecantes,
733 549 822 611 quidem
842 551 966 607 caedentes,
988 551 1038 598 illos
1060 551 1113 599 rcrd
1132 555 1192 600 trnct

246 615 353 669 remittite,
381 629 399 661 ιι
420 615 473 675 quid
494 614 578 660 nuens
599 611 706 660 adversus
735 613 820 660 dantes

245 679 349 738 aliquem:
374 687 399 724 ut
415 686 438 724 et
455 678 523 724 Pater
537 678 574 723 ille
585 686 658 724 vester
669 677 706 737 qui
768 682 783 723 6
801 677 879 730 Quum
891 693 945 740 ergo
955 693 1023 724 unum
1032 679 1191 726 adhuclraberc

235 745 265 788 rin
283 742 351 789 coelis
369 749 401 793 est
421 743 518 790 remittat
534 743 596 788 vobis
613 741 707 788 ofl'ensas
736 740 808 786 lilium·
822 757 887 787 suurn
898 743 1009 794 dilectum,
1025 744 1085 789 misit
1095 745 1161 789 etiam
1175 745 1196 790 il·

243 814 334 854 vestras,
736 806 782 850 lum
794 805 895 850 ultimum
907 807 934 852 ad
945 822 990 860 eos,
1003 807 1085 860 dicens,
1101 807 1199 855 Revere-

274 874 305 917 26
323 869 383 916 Naar
393 870 410 916 si
422 886 462 916 vos
471 885 516 915 non
524 869 657 920 remiseritis,
667 883 703 915 ner
736 869 818 915 buntur
828 869 897 914 lilium
909 885 992 916 meum.

245 933 311 981 Pater
322 934 358 980 ille
369 943 443 980 vester
454 934 490 995 qui
502 935 524 980 in
537 935 605 980 coelis
621 942 652 980 est
671 949 705 978 re·
768 936 783 980 7
801 931 837 978 1111
849 930 902 980 verd
913 935 1023 995 agricolae
1034 934 1137 981 dixerunt
1145 935 1200 982 inter

244 999 315 1044 mittet
327 998 421 1044 offensas
432 1005 525 1044 vestras.
736 1012 766 1051 se,
785 995 832 1044 Iste
842 1004 879 1043 est
891 999 984 1054 haeres3
1007 999 1087 1049 venite,
1105 1000 1197 1046 trucido

275 1067 305 1110 27
323 1066 339 1123 ⁴1
353 1062 420 1109 Tunc
431 1063 524 1109 veniunt
535 1077 612 1108 rursus
621 1061 706 1106 Hiero·
737 1075 786 1106 mus
797 1075 855 1114 eum,
867 1068 890 1107 et
901 1069 977 1108 nostra
987 1063 1027 1108 erit
1040 1063 1169 1110 haereditas.

152 1152 158 1162 ι
243 1127 370 1187 solynram:
394 1135 417 1174 et
435 1143 503 1188 quum
523 1127 569 1188 ipse
587 1125 706 1172 ambularet
769 1125 834 1172 8Et
844 1132 932 1186 captum
951 1141 1001 1171 eum
1019 1125 1162 1182 truclddrun't,
1179 1135 1201 1174 et

244 1206 266 1238 ιιι
284 1190 373 1251 templo,
392 1192 485 1238 veniunt
502 1191 529 1237 ad
544 1205 597 1236 eum
610 1189 705 1250 primarii
736 1189 848 1250 ejecerunt
859 1196 922 1236 extra
932 1190 1026 1235 vineam.

244 1255 375 1310 sacerdotes,
386 1265 409 1301 et
421 1255 509 1309 scribae,
521 1261 544 1300 et
555 1253 659 1307 seniores,
769 1258 784 1300 9
800 1252 862 1306 Quid
867 1268 922 1314 ergo
929 1253 993 1300 faciet
1000 1253 1202 1301 dominusvineaei

277 1324 307 1364 28
325 1320 357 1365 Et
374 1320 451 1365 dicunt
467 1319 494 1372 ei,
514 1315 567 1371 Qua
577 1318 706 1363 auctoritate
737 1314 820 1362 Veniet
837 1324 859 1362 et
876 1318 953 1378 perdet
970 1318 1085 1380 agricolas,
1103 1327 1126 1365 et
1143 1318 1202 1366 daliit

243 1383 285 1429 ista
296 1381 367 1428 facis?
389 1391 412 1429 et
427 1383 477 1442 quis
491 1381 528 1427 tibi
540 1381 599 1426 dedit
610 1381 706 1427 auctori-
736 1381 824 1427 vineam
835 1380 890 1426 aliis.
1114 1437 1117 1445 s

244 1455 310 1493 tatem
321 1448 393 1500 istam,
406 1453 431 1491 ut
441 1447 495 1492 haec
505 1444 592 1491 facias?
771 1448 801 1489 10
817 1443 855 1490 Ne
866 1446 922 1490 hanc
933 1441 1021 1505 quiddm
1031 1445 1160 1506 scripturam
1170 1447 1202 1492 le·

275 1515 306 1558 29
322 1509 389 1557 Jesus
406 1519 479 1556 autern
499 1509 634 1571 respondens
653 1507 708 1554 dixit
735 1508 806 1570 gistis,
825 1508 899 1562 Quem
916 1509 1009 1570 lapidem
1032 1511 1203 1571 reprobaverunt

244 1590 281 1628 ers,
311 1572 456 1635 Interrogabo
485 1589 525 1620 vos
550 1581 573 1620 et
594 1588 637 1634 ego
660 1589 707 1618 rem
737 1572 884 1628 aedificantes,
906 1574 925 1620 is
941 1573 1012 1620 sactus
1029 1582 1094 1635 caput
1110 1583 1145 1620 est
1161 1590 1202 1621 au-

244 1638 367 1699 quandam3
393 1637 524 1716 respondete
534 1637 602 1698 igitur
613 1637 673 1690 mihi,
684 1643 708 1683 et
737 1636 799 1698 guli:

243 1703 314 1748 dicam
326 1702 388 1748 vobis
400 1718 443 1763 qua
459 1703 589 1750 auctoritate
603 1701 657 1747 haec
672 1701 707 1748 fa·
771 1703 798 1745 ll
818 1700 840 1746 A
853 1700 954 1747 Domino
966 1701 1048 1747 factum
1059 1709 1094 1748 est
1104 1702 1169 1757 istud,
1178 1710 1202 1749 et

157 1821 158 1826 Ἰ
244 1767 315 1813 ciam:
737 1771 771 1811 cst
782 1765 910 1810 mirabilem
922 1767 992 1811 oculis
1003 1766 1091 1812 nostris.

275 1835 308 1878 30
325 1829 440 1892 Baptisma
450 1829 550 1886 Joannis,
562 1830 645 1877 ecoelo
654 1837 707 1884 erat,
772 1833 801 1875 12
819 1830 940 1890 studebant
956 1831 1025 1890 igitur
1040 1845 1092 1876 eum
1103 1831 1202 1891 prehen-

244 1911 271 1942 ιιι.
283 1911 311 1941 ex
323 1895 467 1942 hominibus?
484 1896 614 1957 respondete
625 1895 686 1940 mihi.
736 1891 795 1948 dere
812 1895 851 1939 sed
867 1895 988 1940 timuerunt
1004 1895 1104 1951 turbam3
1122 1893 1202 1940 ndrant

276 1963 305 2005 51
325 1959 601 2006 Ratiocinabanturautem
610 1959 669 2020 apud
677 1973 707 2013 se,
736 1958 796 2004 euim
807 1973 858 2004 eum
869 1956 975 2004 adversris
986 1958 1045 2018 ipsos
1061 1958 1121 2004 illam
1137 1974 1201 2019 para-

244 2023 348 2078 dicentes,
361 2021 385 2070 Si
394 2024 520 2078 dixerimus,
533 2023 556 2068 E
564 2022 633 2075 coelo,
643 2023 707 2077 dicet,
736 2021 809 2068 bolam
820 2021 914 2069 dixisse:
934 2023 1007 2082 itaque
1015 2023 1097 2070 omisso
1106 2037 1133 2068 eo
1142 2023 1201 2070 ubie-

245 2087 323 2140 Quare
333 2102 388 2148 ergo
400 2103 445 2132 non
456 2087 579 2133 credidistis
590 2085 629 2132 ei?
737 2093 796 2132 runt.

276 2154 308 2195 52
326 2151 371 2196 Sed
382 2151 399 2196 si
411 2151 515 2204 dicernus,
527 2149 567 2196 Ex
577 2150 707 2204 hominibus,
771 2153 800 2195 la
818 2149 850 2196 Et
861 2150 969 2195 miserunt
977 2149 1004 2195 ad
1013 2166 1063 2196 eum
1072 2150 1202 2210 quosdame

245 2215 348 2260 timemus
358 2214 480 2275 populum=
499 2229 577 2260 omues
588 2215 646 2260 enim
656 2231 707 2260 sen·
739 2212 891 2260 Pharisaeiset
898 2214 1033 2260 Herodianis
1039 2231 1047 2270 ;
1058 2223 1083 2260 ut
1090 2215 1202 2260 eurnirre·

245 2279 327 2324 tiebant
337 2279 365 2324 de
376 2278 464 2326 Joanne
475 2295 527 2325 eum
543 2275 596 2324 vere
612 2280 707 2341 prophe·
737 2278 804 2324 tirent
814 2285 902 2338 captum
915 2293 1023 2324 sermone.

245 2351 289 2388 tarn
300 2342 374 2390 fuisse.
771 2346 801 2387 14
819 2341 854 2387 1111
872 2339 931 2396 verd,
951 2358 1019 2402 quum
1032 2342 1150 2395 venisseut,
1168 2342 1200 2388 di·

276 2411 308 2453 55
324 2407 390 2454 Tunc
397 2407 555 2469 respondentes
563 2407 638 2453 dicunt
647 2407 707 2459 Jesu‚
737 2406 824 2461 cuntei,
835 2406 975 2468 Praeceptor,
985 2406 1065 2452 scimus
1073 2413 1202 2454 teveracem
1220 2455 1224 2476 ⁸

246 2470 372 2518 Nescimus.
397 2471 431 2518 Et
439 2471 648 2532 Jesusrespondcns
657 2472 710 2516 dicit
736 2485 791 2525 esse,
809 2486 880 2530 neque
896 2485 973 2516 curare
991 2485 1133 2531 quenquam
1156 2485 1201 2516 non

245 2537 282 2586 eis,
296 2535 345 2581 Nec
356 2551 400 2596 ego
411 2536 482 2582 dicam
494 2537 556 2582 vobis
572 2532 615 2595 qud
631 2543 707 2581 aucto·
736 2534 796 2580 enim
808 2534 897 2594 respicis
908 2535 935 2579 ad
946 2549 1062 2594 personam
1079 2534 1202 2588 hominum,

245 2600 307 2644 ritate
319 2601 371 2645 haec
382 2599 468 2646 faciam.
737 2598 807 2644 sedin
815 2599 908 2644 veritate
917 2598 975 2643 viam
985 2597 1030 2644 Dei
1042 2599 1121 2643 doces:
1136 2597 1202 2645 Licet

737 2677 829 2708 censum
838 2660 927 2709 Caesari
937 2663 994 2716 dare,
1003 2678 1030 2708 an
1040 2662 1102 2708 non?
1117 2662 1202 2716 demus,

397 2723 472 2774 CAP.
495 2725 556 2772 XII.
738 2741 823 2772 annon
837 2726 934 2772 demus?

302 2789 407 2850 Tcoepit
428 2791 460 2836 eis
478 2806 518 2851 per
539 2790 652 2851 parabolas
674 2792 707 2836 di-
772 2793 801 2836 15
819 2789 871 2850 Ipse
886 2787 946 2846 uerd,
964 2805 1031 2849 quum
1048 2789 1114 2836 sciret
1124 2805 1201 2835 eorum

328 2869 385 2900 cere.
419 2853 515 2900 Vineam
532 2855 639 2915 plantavit
658 2857 707 2915 qui·
736 2853 870 2915 hypocrisin,
888 2855 944 2900 dixit
954 2855 992 2906 eis,
1011 2854 1072 2907 Quid
1083 2869 1119 2900 me
1129 2861 1202 2900 tenta·

233 2918 301 2970 dnm,
318 2926 339 2963 et
351 2918 508 2979 circumposuit
519 2933 599 2978 sepem,
617 2925 639 2964 et
652 2919 708 2965 fodit
738 2917 783 2963 tis?
802 2919 898 2980 proferte
915 2919 967 2964 mihi
986 2918 1106 2972 denarium,
1126 2925 1152 2963 ut
1169 2918 1201 2963 vi·

245 2981 322 3036 hrum,
334 2991 357 3029 et
367 2981 490 3030 aedificavit
501 2983 585 3035 turrim,
601 2989 624 3028 et
634 2983 707 3028 eloca-
737 2982 809 3028 deam.

245 3049 332 3094 viteam
341 3047 709 3109 agricolis,acperegreprofectus
772 3049 802 3093 16
819 3044 854 3092 1111
878 3044 931 3091 verd
957 3045 1103 3107 protulerunt
1136 3044 1202 3092 Tunc

245 3119 289 3158 est:
738 3109 791 3156 dicit
801 3111 840 3163 eis,
859 3108 929 3170 Cujus
940 3118 974 3155 est
985 3111 1059 3170 imago
1071 3109 1114 3155 ista
1128 3116 1152 3156 et
1167 3111 1201 3155 in-

276 3175 708 3237 all‘srsitquesemumadagricolassuo
737 3174 844 3236 scriptio?
864 3173 897 3220 llli
916 3172 969 3220 veni
985 3175 1088 3220 dixerunt
1098 3174 1126 3228 ei,
1144 3171 1202 3221 Cae·

245 3247 350 3300 tempore,
367 3249 392 3286 ut
403 3241 429 3286 ab
440 3241 543 3302 agricolis
556 3241 665 3301 acciperet
680 3255 708 3286 ex
738 3239 799 3285 saris.

246 3303 316 3350 fructu
327 3304 412 3350 vineae.
772 3305 800 3349 17
818 3301 851 3348 Et
863 3303 997 3363 respondens
1010 3301 1077 3348 Jesus
1094 3301 1148 3347 dixit
1164 3301 1197 3348 cis

275 3371 292 3412 ὅ
309 3367 345 3413 llli
356 3364 410 3414 verd
421 3374 509 3430 captum
520 3381 571 3412 eum
582 3367 709 3413 ceciderunt
739 3365 834 3412 Reddite
845 3381 901 3426 quae
917 3375 970 3412 sunt
987 3364 1090 3412 Caesaris
1105 3364 1202 3418 Caesari,

246 3433 516 3478 artemiseruntinanem.
736 3438 827 3491 atquae
838 3429 883 3476 Dei
895 3439 948 3477 mant
961 3429 1021 3476 Deo.
1056 3429 1087 3475 Et
1102 3431 1202 3476 admirati

234 3545 237 3550 ,
276 3494 339 3541 4Et
347 3511 432 3541 rursrrm
441 3493 654 3542 misitadeosalium
662 3510 707 3540 ser·
739 3502 867 3554 suntsuper
880 3509 914 3540 eo.

248 3573 312 3614 ωιτη
336 3567 358 3606 et
377 3562 414 3606 illi
434 3561 485 3606 huie
506 3574 595 3620 quoque
613 3558 708 3618 lapidato
772 3561 800 3603 18
817 3557 884 3604 Tunc
895 3558 986 3604 veniunt
1002 3557 1029 3602 ad
1045 3572 1096 3602 curn
1115 3557 1202 3602 Saddu-

246 3627 309 3681 eapnt
328 3631 513 3678 comminuerunt,
535 3631 558 3669 et
578 3623 708 3668 remiserunt
737 3624 791 3676 caci,
804 3623 840 3682 qui
853 3622 929 3668 dicunt
940 3637 985 3666 non
997 3637 1045 3667 esse
1061 3623 1199 3668 resurrectio·

247 3685 406 3730 dedecoratum.
738 3701 803 3740 ne1n;
821 3695 843 3730 et
851 3683 1017 3746 interrogarunt
1028 3701 1086 3737 eum,
1098 3685 1201 3737 dicentes,

277 3752 292 3793 5
310 3747 341 3792 Et
351 3763 436 3792 rursum
446 3749 513 3794 alium
521 3749 596 3803 misit3
613 3759 635 3794 et
647 3749 708 3794 illurn
774 3754 802 3796 19
821 3749 960 3810 Praeceptor,
973 3749 1053 3794 Moses
1064 3749 1152 3809 scripsit
1160 3763 1200 3794 ro-

246 3807 396 3859 tanciddrunt:
427 3811 551 3920 mulasque
569 3812 641 3866 alios,
669 3814 709 3858 hos
739 3813 777 3864 bis,
791 3821 814 3857 ut
826 3814 842 3857 si
856 3815 918 3872 cuius
929 3813 997 3858 frater
1008 3819 1109 3858 mortuus
1126 3813 1160 3862 sit.
1178 3825 1199 3858 a<

1346 3271 1348 3320 ι

1346 3327 1348 3404 l

1345 3537 1348 3586 ι

1345 3595 1347 3640 ι
