2720 4312
506 403 555 452 AD
573 402 739 461 amnas,
762 403 792 452 V.

159 514 226 562 men
246 508 324 558 earnis
348 509 416 556 uobis
437 506 497 571 priris
517 509 633 572 evangeii-
696 512 728 557 29
745 507 1127 571 Sedqnemadmodumtunenqut

162 569 243 619 rasse:
664 569 785 619 secundum
793 587 882 618 caruem
889 571 1124 634 puitusfueratper·

195 639 226 681 14
241 634 275 682 Et
283 635 465 697 explorationem
474 637 517 683 mei
525 637 633 700 quaefie·
665 637 794 696 sequebatur
804 651 856 682 eum
866 635 903 698 qui
912 644 977 683 natus
987 643 1035 684 erat
1045 652 1127 684 muu-

166 698 200 748 tat
211 699 234 745 in
245 714 314 746 carne
325 698 385 754 mei,
403 715 448 746 non
460 716 499 761 pro
511 700 578 746 nihilo
595 701 633 746 ba·
665 698 718 746 ddm
730 699 852 761 Spiritum
869 700 899 745 ita
910 707 932 745 et
943 701 1047 764 nuncfit.

167 763 258 818 subdu
274 779 350 823 neque
360 765 488 823 respuistis:
508 764 547 810 sed
558 779 594 810 me
610 771 635 810 ut
697 767 730 808 30
747 763 849 823 seuquid
857 764 909 809 dicit
917 763 1048 826 Scriptura?
1064 762 1127 827 EJiu

168 827 271 887 angelum
278 826 332 882 Dei,
342 834 368 873 ut
378 823 587 881 ChristumJesum.
594 842 635 874 ex-
665 823 766 873 anciliam
782 835 805 872 et
822 825 889 872 fidum
906 829 969 888 ejus:
989 842 1126 889 nequaquam

168 890 263 952 cepistis.
666 889 1074 938 enimbaereseritfiliusancillaecum
1082 891 1124 940 fite

202 956 232 1002 15
250 954 316 1007 Quae
327 953 398 1014 igitur
408 961 455 1000 eret
464 954 575 1001 beatitatis
583 970 635 1000 ves·
665 953 752 1000 liberae.

121 1039 124 1045 ·
169 1025 217 1063 trae
233 1017 388 1078 praedicatio?
407 1018 558 1064 testimonium
576 1019 636 1064 enim
698 1021 727 1062 31
748 1014 938 1077 Nemffit'mtres,
951 1033 1117 1068 nonsumusan

170 1080 238 1126 reddo
257 1081 328 1136 vobis,
348 1097 396 1136 vos,
416 1081 435 1128 si
456 1080 504 1130 fieri
521 1081 636 1143 potuisset,
666 1079 784 1135 cillnebiii,
796 1080 932 1128 sedtiberse.

169 1143 249 1190 oculos
268 1152 356 1192 vestros
370 1144 463 1192 effossos
479 1145 570 1192 dnturos
583 1145 637 1192 mihi

170 1205 247 1254 fuisse.
836 1204 910 1254 CAP.
932 1205 964 1254 V.

206 1274 236 1318 16
254 1269 333 1332 Inque
354 1287 412 1318 num
427 1271 540 1328 ,inimicus
566 1271 638 1318 iactus
707 1270 839 1317 Niibertste
845 1271 919 1332 igitur,
928 1268 972 1331 qui
981 1268 1084 1320 Christus
1091 1287 1131 1322 nos

173 1349 224 1380 nun
235 1335 304 1390 robis,
316 1336 370 1380 rium
382 1335 445 1382 vobis
456 1351 509 1382 uera
519 1335 614 1412 loquor?
738 1333 843 1388 liberarit,
855 1342 956 1396 perstate,
972 1342 996 1382 et
1011 1351 1040 1382 ne
1056 1352 1130 1398 regra-

209 1400 237 1444 17
256 1399 366 1445 Ambiunt
381 1414 423 1445 vos
440 1415 486 1446 non
502 1401 574 1455 beue;
594 1395 639 1445 imd
669 1399 754 1444 dientes
765 1398 905 1458 implicamini
916 1399 1099 1462 servitutisjugo.

172 1460 291 1508 excludere
301 1477 344 1508 nos
355 1461 441 1516 volunt,
452 1469 477 1508 ut
498 1478 523 1508 se
533 1463 640 1510 atnbiatis.
702 1466 717 1508 2
734 1461 802 1517 Ecce,
813 1478 857 1523 ego
869 1461 952 1508 Paulus
962 1463 1012 1510 dico
1022 1465 1091 1518 vobis
1109 1465 1132 1512 Si

165 1579 171 1590 ¹
208 1529 237 1570 18
256 1525 399 1572 Praeclarum
420 1533 456 1572 est
475 1533 550 1572 autem
572 1527 640 1572 rebe·
670 1525 861 1581 circumcidamini,
874 1525 988 1574 Christum
1000 1528 1055 1574 nibil
1070 1529 1133 1575 robis

173 1597 261 1638 menter
271 1604 346 1635 amare
357 1589 380 1634 in
393 1604 416 1634 re
431 1587 490 1636 boot
506 1605 599 1650 semper,
618 1596 642 1636 et
670 1589 816 1651 profuturum.

174 1667 219 1698 non
236 1651 310 1698 soldm
325 1654 379 1699 dnm
397 1667 501 1714 praesens
518 1669 567 1700 sum
584 1653 642 1714 apud
702 1651 878 1700 3Testorenim
887 1669 973 1700 rursum
983 1654 1134 1701 omnihomini

175 1731 223 1761 vos.
671 1716 708 1777 qui
719 1716 887 1769 circumciditur,
896 1731 947 1760 eum
958 1732 1007 1762 esse
1014 1717 1134 1764 debitorem

210 1781 240 1826 19
257 1777 330 1825 Fdioli
342 1778 394 1833 mei,
405 1794 462 1838 quos
473 1779 552 1825 iterum
567 1787 642 1840 partu·
672 1779 741 1825 totius
750 1778 807 1838 legis
817 1779 945 1824 servandae.

186 1857 215 1897 .o,
234 1858 349 1903 usquequo
369 1843 485 1888 formetur
499 1840 601 1891 Christus
620 1843 643 1888 in
706 1843 723 1886 4
749 1838 831 1886 Inanes
851 1840 903 1886 facti
927 1840 980 1886 estis
1000 1843 1103 1900 sqmrotr'
1122 1857 1136 1889 a

175 1906 250 1961 uobis,
676 1902 773 1958 Christo,
784 1904 908 1966 quicunque
924 1919 963 1965 per
973 1903 1046 1965 legem
1052 1905 1135 1966 Justifi·

209 1975 242 2015 20
262 1969 334 2015 Velim
345 1975 422 2016 autem
433 1984 492 2016 nuuc
504 1967 645 2030 messeupud
675 1968 772 2022 camini;
789 1975 810 2014 et
821 1965 916 2029 agratiri
926 1967 1044 2012 excidistis

176 2047 225 2087 ros,
244 2041 268 2080 et
283 2043 372 2079 mutare
391 2048 470 2080 vocem
489 2047 568 2086 meam,
587 2047 644 2092 quo·
708 2034 723 2078 5
742 2031 792 2076 Nos
802 2031 860 2076 enim
873 2030 956 2092 Spiritu
970 2046 999 2078 ex
1015 2030 1064 2086 fide,
1076 2047 1136 2093 spem

175 2096 235 2144 niam
246 2097 332 2142 haesito
343 2097 367 2142 in
379 2096 450 2142 vobis.
675 2095 774 2157 justitiae
784 2101 943 2156 exspectamus.

209 2164 238 2206 21
258 2160 336 2206 Dicite
345 2159 402 2204 mibi
413 2159 450 2218 qui
461 2157 563 2219 sublege
580 2157 646 2204 ruitis
709 2163 724 2204 6
742 2158 802 2204 Nom
813 2159 835 2203 in
846 2156 936 2204 Christo
946 2156 1002 2205 Jesu
1013 2173 1084 2218 neque
1095 2159 1138 2204 eir-

85 2225 91 2230 '
176 2239 233 2278 esse,
245 2223 320 2284 legem
332 2237 380 2269 non
391 2221 488 2268 auritis?
677 2221 783 2268 cumcisio
794 2221 909 2281 quicquam
917 2221 981 2274 valet,
993 2236 1064 2279 neque
1074 2237 1138 2281 prae·

209 2291 241 2334 22
258 2287 375 2348 Scriptum
382 2286 489 2338 estenim,
497 2284 647 2330 Abrahamum
677 2285 763 2346 putium
772 2300 780 2340 ς
797 2284 835 2329 sed
851 2282 905 2328 fides
921 2298 960 2343 per
974 2284 1101 2328 charitatem
1115 2299 1139 2330 a·

175 2351 234 2397 duos
252 2350 311 2396 iiiios
330 2349 450 2404 babuisse3
472 2362 542 2394 unum
560 2361 590 2393 ex
607 2362 647 2394 an-
679 2362 751 2408 gens:

175 2411 232 2467 silui,
243 2420 267 2461 et
278 2409 474 2459 unumexiiberd.
711 2407 871 2456 'iCurrebatis
878 2402 986 2468 pulchrds
1001 2408 1049 2466 quis
1058 2423 1098 2454 vos
1106 2408 1140 2453 in·

210 2481 242 2523 23
259 2477 305 2524 Sed
317 2479 337 2522 is
349 2474 388 2535 qui
399 2489 428 2520 ex
438 2469 517 2520 anoillri
527 2480 649 2526 natusest,
680 2473 756 2526 hibuit,
777 2477 803 2518 ut
824 2485 869 2516 non
890 2471 1063 2531 obsequeremini
1083 2472 1140 2516 veri-

177 2538 301 2587 secunddm
325 2553 420 2586 carnem
441 2547 506 2584 natus
533 2544 583 2582 est:
612 2537 649 2596 qui
681 2535 740 2582 tati?

177 2604 230 2650 reni
239 2619 268 2650 ex
279 2600 359 2656 liberi,
372 2616 411 2661 per
422 2601 597 2661 promissionem.
713 2603 728 2644 8
745 2596 811 2644 Haec
821 2597 933 2658 persuasio
944 2612 989 2643 non
1000 2604 1032 2644 est
1039 2594 1141 2659 profecto

210 2672 242 2713 24
260 2666 307 2714 Per
318 2680 380 2725 quae
391 2663 450 2710 uliud
460 2663 581 2723 figuratur:
600 2676 651 2708 nam
681 2676 710 2710 ex
720 2677 748 2708 eo
758 2662 796 2722 qui
807 2667 872 2706 vocat
883 2675 930 2706 ros.

177 2731 218 2777 irae
229 2738 283 2778 sunt
300 2729 348 2775 duo
367 2727 405 2772 illa
421 2725 523 2782 foedera3
540 2739 582 2770 una
602 2725 651 2784 qui·
715 2730 730 2772 9
747 2721 842 2770 Paulum
855 2723 958 2770 fermenti
969 2729 1038 2770 totam
1049 2739 1143 2772 massam

177 2789 237 2849 dem,
254 2808 315 2854 quae
326 2799 365 2838 est
376 2790 448 2850 Agar.
463 2803 493 2834 ex
503 2795 580 2834 monte
592 2786 651 2842 sint,
681 2789 806 2836 fomentat.

176 2872 291 2920 generans
301 2855 393 2914 prolem
405 2852 433 2897 nd
444 2852 587 2897 servitutemr
717 2855 747 2896 10
764 2851 817 2911 Ego
828 2849 916 2896 confido
934 2850 962 2895 de
976 2849 1038 2894 robis
1053 2849 1075 2894 ln
1092 2847 1145 2896 Do-

211 2924 243 2968 25
263 2919 333 2965 Istud
344 2917 406 2962 enim
414 2915 478 2975 Agar
486 2923 520 2959 est
530 2915 583 2960 Sina
589 2928 653 2959 mons
683 2913 752 2968 mino,
762 2928 804 2958 ros
820 2911 874 2957 nihil
889 2913 948 2957 aliud
962 2925 1011 2955 esse
1024 2925 1145 2959 sensuross

177 2985 200 3031 in
221 2980 327 3036 Arobi2i3
355 2976 433 3024 eidem
451 2985 524 3022 autem
542 2976 597 3021 serie
618 2992 653 3021 re·
684 2976 773 3034 redqui
790 2976 863 3020 turbat
877 2988 924 3025 vos,
941 2972 1025 3017 auferet
1041 2974 1147 3018 condem.

178 3048 277 3109 spondet
288 3045 311 3090 ei
329 3039 506 3100 Hierosolymae
521 3054 577 3098 quae
595 3054 654 3084 nunc
686 3037 804 3088 nationem,
815 3035 913 3094 quisquis
922 3033 995 3077 t‘uerit.
1034 3093 1039 3102 Ι

178 3120 219 3164 est,
227 3109 348 3167 servitque
357 3119 409 3149 cum
420 3103 471 3148 filiis
482 3103 533 3148 suis.
721 3103 746 3144 11
767 3099 820 3157 Ego
831 3107 911 3148 autem,
927 3094 1011 3145 iratres,
1023 3108 1040 3138 n
1052 3094 1147 3144 circum.

213 3178 245 3220 26
265 3170 311 3217 Illa
323 3164 380 3213 verb
388 3181 445 3225 quae
459 3179 546 3210 sursum
555 3169 588 3208 est
598 3162 655 3210 His
686 3163 792 3209 cisionem
810 3159 876 3204 etiam
892 3156 1000 3219 praedico,
1011 3157 1063 3215 quid
1079 3159 1148 3209 adbug

180 3236 288 3290 rusnlem,
310 3233 383 3278 libera
399 3235 440 3282 est.
459 3243 515 3287 quoe
535 3232 570 3272 est
588 3234 657 3272 nsoter
687 3222 878 3285 persequutionem
895 3217 985 3278 patior?
1002 3233 1081 3281 nempe
1096 3222 1150 3270 ὼ.

179 3301 286 3348 omnium
299 3294 413 3342 nostrum.
688 3289 751 3333 litum
763 3289 797 3329 est
807 3281 961 3328 offendiculum
976 3282 1055 3327 crucis.

209 3365 244 3409 27
265 3351 658 3418 Scriptumestenim,Lnotarc‚sto·
732 3351 760 3392 12
790 3345 882 3391 Utinam
902 3345 970 3389 ctiam
997 3343 1151 3397 abscindantur

181 3427 235 3480 pilis,
259 3437 321 3484 quae
346 3432 393 3464 non
412 3416 486 3476 paris3
514 3429 610 3473 erumpe,
637 3420 660 3458 et
690 3411 726 3471 qui
739 3408 917 3466 rosinquietarrt.

185 3489 263 3540 dama,
282 3498 343 3544 quoe
361 3495 407 3525 non
425 3478 535 3538 parturis:
556 3476 660 3534 quoniam
725 3475 755 3517 15
772 3468 890 3514 Vosenim
901 3467 928 3512 ad
945 3467 1065 3514 libertatem
1081 3483 1154 3524 vocnt!

183 3557 260 3616 plures
272 3554 329 3594 sunt
341 3543 403 3588 liberi
411 3543 521 3596 desertae,
538 3535 602 3598 qudm
614 3539 661 3598 ejus
691 3534 750 3586 estis,
772 3531 863 3576 iratres:
888 3526 973 3574 tnntdm
989 3544 1018 3575 ne
1035 3531 1156 3587 libertatem

185 3630 242 3676 quae
253 3612 325 3658 habet
338 3607 419 3652 uirum.
691 3595 789 3652 arripite
799 3600 825 3638 ut
835 3594 914 3637 datam
930 3592 989 3636 carni
1002 3609 1157 3660 occasionem

218 3681 251 3722 28
270 3672 326 3720 Nos
343 3669 420 3728 igitur,
434 3663 520 3715 iratres,
540 3657 659 3707 secunddm
692 3657 732 3704 sed
742 3669 771 3700 ex
781 3654 886 3699 charitate
897 3654 977 3699 servite
988 3655 1023 3702 ulii
1036 3661 1089 3708 aiiis

187 3739 294 3785 {mecum
314 3727 470 3792 promissionis
480 3725 518 3770 uui
529 3738 613 3769 sumus.
728 3720 757 3762 14
773 3715 834 3761 Nam
845 3723 892 3762 tots
902 3716 938 3762 ter
950 3731 995 3762 unu
1012 3725 1079 3772 vestro
1096 3743 1152 3776 com·
1167 3778 1170 3784 ,

402 3796 450 3840 21⁵
