2734 4314
592 375 744 431 MARCUS,
769 375 840 423 Vlll.

241 489 346 534 ruriculas
357 488 419 549 ejus,
438 495 462 533 et
473 500 541 548 quum
548 484 651 548 spuisset,
668 490 702 530 te·
735 489 809 529 rentes
825 483 853 530 ab
868 498 895 530 eo
912 483 1002 546 signum
1019 501 1032 530 e
1047 485 1118 539 coela,
1130 487 1197 549 lpsun

240 553 288 613 tigit
299 551 398 611 linguam
409 551 471 613 ejus:
735 547 849 593 tentando.

269 619 302 662 34
319 615 351 660 Et
359 629 427 676 quum
435 612 569 674 suspexisset
578 612 600 658 in
610 612 703 665 coelum,
770 615 799 656 12
818 609 869 672 lpse
879 606 934 657 verti
944 626 1013 670 quum
1024 607 1069 657 alte
1076 611 1199 674 ingemuis-

235 675 353 740 ingemuit,
381 678 480 737 dixitque
506 677 534 730 ei,
563 675 703 738 Ephphatha,
736 682 770 720 set
789 675 931 735 spiritusuo,
950 675 1012 728 dixit,
1029 674 1078 723 Cur
1093 679 1201 738 gensiste

240 743 297 803 quod
307 749 348 794 est,
360 741 501 802 Adaperitor.
736 739 826 799 signum
844 737 953 798 requirit?
971 739 1046 786 Amen
1062 741 1111 787 dico
1131 743 1200 795 vohis,

268 809 301 852 55
318 805 351 851 Et
366 807 440 851 statim
456 805 572 865 adapertae
589 810 641 849 sunt
656 805 705 864 ejus
736 802 756 848 si
767 803 852 848 dabitur
863 803 899 848 isti
910 803 973 863 genti
985 803 1082 864 signum.

238 885 315 926 tures3
332 876 355 915 et
366 869 464 914 solutum
480 876 514 914 est
530 867 644 914 vinculum
660 868 703 913 lin·
771 869 801 911 13
817 865 850 912 Et
860 867 893 912 eis
904 867 991 922 relictis,
1000 868 1115 928 ingressus
1126 885 1202 916 rursus

238 949 297 996 guae
307 933 382 994 ipsius,
394 939 417 978 et
428 933 558 992 loquebatur
572 926 639 977 recte.
736 929 858 991 navigium,
869 931 921 976 abiit
932 932 954 976 in
967 931 1094 978 ulteriorem
1105 935 1189 992 ripam„

271 1003 301 1045 36
319 995 701 1043 Erinterdixttetsnecuidicerent:
770 997 801 1039 14
818 993 917 1040 Fuerant
932 1005 1007 1042 autem
1026 997 1086 1042 obliti
1103 998 1202 1058 discipul

238 1061 482 1123 sedquantumcunque
493 1060 540 1122 ipse
551 1060 583 1106 eis
596 1059 703 1105 interdix·
736 1072 824 1104 sumere
833 1073 908 1119 panes,
920 1066 944 1105 et
959 1074 1039 1120 panem
1057 1076 1102 1107 non
1119 1063 1161 1108 nisi
1175 1079 1197 1108 u-

237 1125 297 1180 isset
309 1121 380 1172 multti
391 1125 463 1186 magis
473 1125 515 1170 hoc
525 1123 695 1186 praedicabant;
736 1137 790 1168 uum
797 1123 906 1168 habebant
917 1138 992 1169 secum
1003 1123 1026 1169 in
1039 1125 1137 1186 navigio.
1171 1154 1177 1158 -

269 1193 301 1238 37
319 1189 352 1238 Et
368 1177 435 1250 su'pra
451 1188 542 1234 modum
553 1187 703 1249 percelleban-
771 1189 800 1233 15
817 1185 883 1232 Tunc
895 1188 963 1233 edixit
974 1188 1012 1241 eis,
1020 1187 1103 1242 dicens,
1113 1189 1203 1242 Videte,

237 1261 280 1308 tur,
308 1251 413 1308 dicentes,
442 1251 506 1298 Bene
532 1252 608 1298 omnia
632 1250 701 1296 fecit:
735 1259 813 1296 cavete
829 1265 843 1296 a
858 1250 968 1297 semrento
986 1252 1163 1308 Pharisaeorum,
1181 1265 1203 1301 et

238 1319 290 1365 iacit
298 1325 324 1363 ut
334 1324 357 1363 et
368 1316 428 1363 surdi
443 1317 538 1371 aucliant,
557 1329 580 1362 et
597 1315 652 1360 muti
669 1315 703 1360 lo·
735 1313 845 1360 termento
858 1313 964 1362 Herodis.

238 1391 341 1444 quantur.
770 1381 800 1424 16
818 1378 978 1440 Disceptabnnt
990 1379 1058 1440 igitur
1069 1381 1105 1426 alii
1122 1381 1202 1427 adver·

736 1439 774 1488 shs
785 1443 846 1498 alios,
858 1443 963 1498 dicentes,
982 1443 1056 1490 Panes
1072 1461 1119 1490 non
1135 1447 1203 1492 habe·

383 1506 459 1556 CAP.
482 1506 555 1554 VIII.
737 1521 794 1552 mus.

306 1571 410 1620 IEBUS
421 1573 470 1627 illis,
487 1587 556 1633 quum
567 1571 638 1617 multa
653 1585 703 1616 om·
771 1575 799 1620 17
817 1573 848 1618 Id
862 1578 935 1618 autem
951 1587 1021 1632 quum
1038 1571 1114 1619 ruisset
1130 1572 1205 1628 Jesus,

331 1637 385 1683 nino
396 1637 460 1683 turba
470 1643 535 1689 esset,
547 1651 588 1682 nec
600 1636 704 1682 haberent
736 1633 792 1681 dixit
802 1635 841 1690 eis,
855 1635 916 1689 Quid
927 1637 1052 1698 disceptatis
1063 1635 1122 1698 qudd
1135 1653 1205 1699 panes

238 1718 281 1762 quo
297 1709 446 1755 vescerentur,
464 1701 576 1747 advocatis
592 1699 705 1760 discipulis
736 1715 783 1745 non
804 1699 905 1746 hahetis?
922 1701 1021 1746 nondum
1043 1703 1142 1747 animum
1164 1704 1205 1748 ad-

237 1767 289 1819 suis,
301 1764 369 1813 Jesus
379 1766 435 1812 dixit
445 1765 484 1819 eis,
735 1764 829 1818 vertitis,
841 1779 883 1810 nee
898 1763 1044 1826 intelligentiis
1059 1767 1152 1826 praediti
1169 1782 1205 1812 es·

269 1833 287 1876 2
303 1826 385 1876 Intimi
396 1825 545 1876 misericordii
561 1841 705 1874 commoveor
735 1827 782 1873 tis?
798 1828 869 1874 adhuc
881 1829 992 1890 stupidum
1003 1829 1086 1876 hahetis
1098 1845 1137 1876 cor
1154 1847 1202 1876 ves·

239 1910 294 1956 erga
304 1896 390 1940 turbam
398 1911 406 1951 ς
423 1895 528 1956 quiajam
542 1893 638 1938 triduum
655 1907 703 1938 ma·
736 1891 813 1938 trum?

238 1966 292 2005 nent
300 1959 358 2021 apud
367 1973 409 2014 me,
421 1973 463 2004 nec
471 1959 552 2004 hahent
558 1972 602 2018 quo
611 1971 703 2002 rescan-
771 1959 800 2000 18
819 1955 895 2009 Quum
906 1958 982 2004 oculos
990 1958 1094 2012 habeatis,
1103 1973 1149 2004 non
1156 1975 1204 2004 cer-

238 2035 292 2072 turg
736 2019 807 2065 uitis?
824 2032 847 2065 et
868 2037 936 2080 quum
958 2037 1022 2068 aures
1038 2023 1142 2078 habeatis,
1160 2038 1205 2069 nou

270 2091 286 2131 5
304 2081 372 2140 Quid
381 2085 399 2131 si
408 2085 512 2131 dimisero
520 2084 654 2160 eosjejunos
663 2083 703 2128 do-
736 2083 832 2130 auditis?
850 2100 921 2144 neque
932 2100 1043 2132 memores
1053 2087 1124 2133 estis?

239 2165 300 2196 mum
312 2164 381 2204 suam,
393 2148 529 2196 deficientia
541 2149 593 2194 vias
615 2148 704 2210 quidam
773 2151 802 2194 19
820 2147 899 2202 Quum
910 2150 1006 2211 quinque
1015 2151 1139 2214 illospenes
1147 2151 1205 2213 fregi

238 2215 296 2260 enim
308 2213 380 2259 exeis
390 2212 468 2274 procul
479 2219 596 2259 venerunt
737 2211 779 2257 illis
802 2213 919 2273 quinquies
940 2214 1007 2267 mille,
1027 2220 1082 2274 quot
1098 2217 1206 2276 cophinos

271 2281 287 2322 4
303 2275 478 2338 Responderunt
488 2285 563 2322 autem
572 2276 592 2322 ei
604 2274 704 2337 discipuli
736 2276 869 2338 fragmentis
877 2277 955 2338 plenos
964 2278 1100 2324 sustulistis?
1118 2279 1206 2326 Dicunt

238 2344 291 2401 ejus,
310 2341 378 2388 Unde
389 2342 444 2388 istos
459 2341 566 2402 quispiam
583 2341 654 2403 possit
670 2341 705 2387 hic
737 2341 764 2395 ei,
781 2339 916 2396 Duodecim.

238 2407 316 2453 satiare
326 2406 419 2468 panibus
430 2405 453 2451 in
464 2404 570 2452 deserto?
770 2409 802 2450 90
814 2405 891 2459 Quum
901 2413 975 2452 autem
985 2413 1069 2468 septem
1076 2407 1126 2454 illos
1131 2423 1206 2468 pianes

269 2468 454 2530 5Interrogavit
475 2479 550 2515 autem
572 2484 618 2522 eos,
642 2467 705 2521 Quot
737 2469 780 2514 illis
797 2477 876 2530 quater
891 2470 958 2524 mille,
970 2479 1025 2532 quot
1041 2479 1127 2532 sportas
1143 2471 1206 2533 frag·

238 2550 305 2596 panes
324 2533 428 2580 hahetis?
454 2531 501 2594 Ipsi
521 2528 575 2580 veni
594 2532 704 2587 dixerunt,
737 2534 820 2580 mentis
841 2533 917 2595 plenus
939 2535 1077 2581 sustulistis?
1095 2535 1133 2582 Illi
1152 2534 1206 2582 verri

239 2601 336 2659 Septem.
737 2597 848 2652 dixerunt,
861 2599 959 2660 Septem.

270 2666 285 2707 6
302 2660 368 2706 Tunc
379 2660 522 2707 denunciavit
532 2661 609 2706 turbae
620 2667 645 2706 ut
658 2660 703 2707 dis·
770 2665 798 2706 21
818 2661 884 2708 Tunc
895 2663 951 2708 dixit
961 2663 1000 2718 eis,
1014 2663 1136 2717 Quomodo
1151 2667 1206 2712 hoec

151 2755 167 2782 s
237 2725 350 2770 eumberet
365 2724 443 2770 humi:
468 2732 491 2770 et
507 2724 602 2784 acceptis
619 2734 704 2784 septem
737 2740 782 2770 non
795 2725 935 2787 intelligitis?

237 2789 279 2834 illis
300 2789 399 2849 panibus,
419 2803 488 2847 quum
509 2789 593 2849 gratias
614 2789 703 2849 egisset,
770 2793 801 2834 22
829 2793 845 2852 q
857 2791 927 2836 Venit
948 2799 1022 2837 autem
1046 2791 1203 2839 Bethsaidam:

238 2851 310 2914 fregit,
323 2852 425 2912 deditque
436 2852 548 2913 discipulis
559 2852 611 2905 suis,
629 2867 654 2898 ut
668 2868 704 2899 eos
736 2861 759 2899 et
781 2855 908 2901 obtulerunt
929 2855 950 2901 ei
971 2869 1069 2908 caecum,
1086 2863 1109 2902 et
1124 2856 1208 2918 precati

237 2923 389 2978 apponerent:
408 2923 432 2963 et
443 2923 593 2977 apposuerunt
603 2917 687 2962 turbae.
736 2925 788 2963 sunt
799 2933 850 2964 eum
862 2926 887 2964 ut
897 2920 970 2980 ipsum
981 2926 1090 2981 tangeret

270 2985 284 3028 ’1
304 2979 424 3027 Habebunt
434 2987 508 3026 autem
519 2979 637 3041 pisciculos
648 2996 702 3042 pau·
770 2986 801 3026 25
827 2981 893 3028 Tunc
919 2981 1029 3044 prehensi
1050 2999 1118 3030 manu
1140 2986 1209 3045 caeci,

238 3061 293 3092 cos:
312 3051 336 3091 et
351 3059 420 3105 quum
436 3043 590 3100 benedixisset,
608 3041 663 3090 dixit
679 3052 704 3090 ut
737 3045 814 3090 eduxit
823 3061 874 3091 eum
882 3054 947 3094 extra
955 3048 1042 3094 vicum:
1062 3055 1085 3094 et
1093 3064 1161 3109 quum
1171 3049 1206 3095 in·

238 3111 278 3157 hos
288 3110 356 3156 etlam
367 3116 510 3171 apponerent.
738 3111 834 3170 spuisset
848 3111 870 3156 in
888 3111 964 3157 oculos
980 3113 1035 3173 ejus,
1053 3113 1207 3174 imposuisset·

269 3179 284 3219 8
303 3172 456 3221 Comederunt
472 3181 553 3226 autem,
575 3179 598 3219 et
613 3173 703 3219 saturati
737 3189 781 3234 que
797 3175 817 3219 ei
834 3189 920 3231 manus,
937 3175 1084 3238 interrogavit
1100 3193 1152 3222 eum
1169 3193 1206 3224 ec-

239 3245 305 3284 urnt:
329 3245 352 3284 et
374 3238 513 3284 sustulerunt
527 3237 703 3298 fragmentorum
737 3239 790 3298 quid
803 3239 893 3285 videret

237 3318 293 3363 quae
304 3301 458 3363 superfuerant
469 3308 554 3362 septem
565 3309 658 3361 sportas.
770 3305 802 3346 24
820 3302 866 3355 Qui
888 3318 957 3363 quum
979 3304 1121 3365 suspexisset,
1144 3305 1198 3352 dixit

270 3372 284 3414 9
297 3366 370 3412 Erant
376 3373 450 3412 autem
457 3366 493 3425 qui
501 3365 643 3411 comederant
648 3380 703 3426 qua·
739 3364 812 3411 Video
824 3367 925 3413 homines
936 3367 1005 3414 instar
1016 3369 1119 3414 arborum
1128 3371 1201 3415 amhn

235 3431 255 3476 si
266 3437 345 3490 quater
356 3430 431 3476 mille:
451 3429 576 3489 dimisitque
586 3443 633 3474 eos.
738 3429 817 3476 lantes.

272 3499 302 3538 10
318 3497 334 3555 1
349 3493 382 3540 Et
393 3494 468 3540 statim
478 3493 592 3554 ingressus
603 3493 626 3537 in
640 3493 703 3538 navi·
771 3497 802 3540 25
824 3493 914 3542 Deinde
931 3511 1019 3542 rursum
1036 3496 1142 3556 imposuit
1158 3513 1206 3544 ma·

238 3559 299 3620 glum
307 3572 359 3602 cum
368 3557 479 3618 discipulis
487 3558 540 3613 suis,
552 3557 613 3602 venit
621 3557 644 3602 in
652 3573 703 3619 par-
738 3572 781 3604 nus
803 3559 872 3604 cculis
893 3562 947 3620 ejus,
969 3559 1066 3620 fecitque
1088 3569 1113 3606 ut
1133 3563 1208 3607 denna

238 3620 442 3667 tesDalmamrtha.
738 3621 814 3667 oculos
836 3623 960 3680 attolleret;
983 3631 1006 3670 et
1028 3625 1143 3670 restitutus
1158 3625 1207 3675 suit.

212 3684 219 3692 '
276 3687 302 3729 tl
330 3682 465 3730 Prodierunt
487 3691 560 3730 autem
585 3682 703 3740 Pharisaei,
740 3685 837 3746 viditque
847 3687 925 3747 procul
936 3697 958 3734 et
970 3684 1065 3733 dilucide
1076 3704 1161 3734 omnes.

158 3747 165 3757 “
240 3754 403 3807 mensuumque
413 3748 515 3794 altercari
523 3762 574 3794 eurr
585 3763 620 3800 eo,
636 3763 701 3796 uun*-
771 3754 802 3794 9⁶
819 3749 885 3796 'l‘uoc
895 3753 962 3798 Jcsru
973 3752 1033 3798 misit
1047 3767 1098 3799 eum
1116 3753 1205 3800 domun

514 3815 542 3851 ts
