2734 4314
256 515 288 556 60
305 510 348 556 Sed
361 509 495 570 respondens
510 515 581 556 mater
591 514 639 562 ejus
649 509 687 559 ait,
714 527 766 570 puo
784 522 837 561 ejus,
855 522 894 567 per
911 506 1062 554 remissionem
1079 511 1185 572 peccato*

229 573 378 634 Nequaquam,
390 574 429 619 sed
439 573 553 618 vocabitur
563 571 670 619 Josnnes.
717 587 766 618 rum
777 571 882 632 ipsorum,

256 642 284 684 61
305 637 337 684 Et
348 637 556 689 dixeruntadeum‚
569 635 645 682 Nemo
654 642 689 680 est
750 637 781 682 78
807 633 845 680 Ex
866 630 943 679 indm-t
965 631 1115 681 misericordiis
1137 632 1181 680 De'

225 701 391 763 incognatione
403 698 440 746 turi
451 702 488 761 qui
497 708 589 746 vocetur
595 699 638 744 isto
646 715 688 744 no·
718 698 806 754 nostri;
823 695 866 758 qui
880 699 955 744 invisit
971 713 1012 744 nos
1026 699 1045 743 is
1060 698 1096 758 qui
1111 697 1180 759 prodit

225 766 291 811 mine.
719 777 747 808 ex
759 762 818 817 slt03

257 834 288 876 62
306 827 431 875 innuebant
458 835 531 875 autern
559 827 615 890 patri
641 828 690 890 ejus
752 829 783 874 79
801 825 835 872 Ut
846 837 949 886 appareat
960 825 985 871 iis
1001 825 1037 886 qui
1055 825 1077 870 in
1089 825 1181 871 tonebri.

224 893 277 954 qnid
288 893 355 940 vellet
366 909 417 939 eum
429 893 519 939 vocari:
720 898 743 936 et
753 887 831 936 umbri
841 891 919 936 mortis
935 890 1000 950 positi
1017 897 1075 943 sunt,
1093 890 1120 935 ed
1131 889 1180 934 diri·

258 963 289 1004 65
307 957 374 1018 Isque
385 954 495 1018 postuletis
505 952 585 1002 tabelli
596 954 690 1016 scripsit,
719 955 805 1016 gendos
816 955 882 1014 pedes
894 961 983 999 nostros
993 954 1016 999 in
1028 954 1086 1000 viem
1097 953 1164 1014 pucis

225 1021 306 1075 dicens,
318 1020 463 1069 Joannesest
478 1020 625 1082 nomenqjus.
658 1018 691 1066 Et
753 1021 785 1064 80
803 1015 854 1078 lpse
864 1027 938 1064 autem
952 1017 1056 1078 puerulus
1067 1019 1186 1072 crescebat,

225 1087 297 1132 mirati
310 1094 361 1132 sunt
372 1101 456 1130 omues.
720 1083 901 1128 corroborabatur
910 1081 992 1143 Spiritu
1003 1098 1009 1137 ;
1021 1081 1107 1142 fuitque
1114 1081 1138 1126 in
1145 1081 1184 1127 de-

257 1153 290 1197 64
307 1150 415 1210 Apertum
426 1155 461 1195 est
471 1154 580 1194 antemos
590 1147 638 1209 ejus
648 1145 691 1190 illi-
720 1146 785 1192 sertis
795 1146 823 1192 ad
834 1162 885 1192 eum
898 1161 967 1206 usque
983 1146 1040 1191 diem
1057 1160 1100 1207 quo
1113 1159 1137 1191 se
1148 1161 1185 1192 os·

226 1231 259 1270 oo,
271 1222 294 1260 et
309 1213 386 1274 lingua
400 1213 462 1276 ejus3
480 1219 503 1259 et
512 1212 642 1272 loquebatur
652 1211 691 1256 be-
721 1210 821 1262 teuderet
831 1211 889 1271 apud
902 1207 1015 1256 Israelem.

226 1280 331 1324 nedicens
342 1278 401 1323 Deo.

259 1345 289 1389 65
308 1339 377 1387 Ortus
388 1348 423 1387 est
433 1339 502 1400 igitur
512 1339 579 1384 timor
587 1337 691 1384 omnibus
888 1337 962 1386 CAP.
986 1335 1021 1385 II.

226 1406 307 1453 seculis
327 1419 417 1451 eorumr
437 1411 460 1448 et
480 1403 503 1448 in
522 1400 569 1449 totl
585 1399 690 1448 montani
778 1401 902 1451 ACTUM
920 1410 953 1448 est
964 1410 1038 1448 autern
1050 1402 1125 1448 diebus
1136 1402 1185 1459 illis,

228 1469 318 1530 regione
329 1468 428 1516 Judseae
444 1467 558 1528 divulgata
573 1474 626 1513 sunt
641 1481 690 1512 om·
796 1475 821 1513 ut
837 1467 942 1530 prodierit
957 1467 1053 1512 edictum
1064 1482 1079 1513 a
1090 1465 1185 1518 Caesare

227 1535 263 1580 nia
275 1534 340 1579 rerba
351 1533 399 1578 ista.
722 1531 835 1592 Augusto,
843 1539 867 1578 nt
875 1531 1034 1577 describeretur
1045 1538 1105 1577 totus
1116 1538 1185 1580 terra·

260 1603 290 1644 66
309 1597 340 1643 Et
351 1611 429 1643 omnes
440 1595 477 1656 qui
493 1595 609 1642 audierunt
626 1611 687 1655 repo-
721 1610 770 1641 rum
782 1596 848 1642 orbis

228 1669 319 1708 suerunt
340 1677 367 1708 eo
389 1661 411 1706 in
433 1661 500 1705 corde
521 1675 568 1713 sno,
587 1659 691 1712 dicentes,
755 1658 866 1722 2(Hsec
877 1659 994 1721 descriptio
1006 1659 1076 1720 prima
1087 1658 1185 1708 sactaest

229 1727 339 1780 Quisnam
356 1724 460 1786 puerulus
476 1724 511 1770 hic
527 1723 589 1769 erit?
607 1722 691 1768 Munus
721 1723 858 1786 praesidente
871 1723 948 1783 Syriae
960 1721 1080 1784 Cyrenio.)

208 1836 209 1845 ,
228 1799 301 1845 sutem
313 1788 408 1835 Domini
419 1795 466 1834 erat
477 1803 528 1834 curn
539 1803 574 1834 eo.
753 1791 770 1833 3
788 1785 852 1833 Ibunt
862 1787 931 1848 igitur
946 1803 1025 1834 omnes
1040 1796 1066 1833 ut
1076 1788 1184 1835 describe·

260 1859 291 1901 67
309 1853 340 1900 Et
353 1852 470 1899 Zacharias
484 1859 547 1914 peter
561 1851 609 1914 ejus
621 1851 692 1910 reple·
722 1860 804 1908 rentur,
816 1852 840 1898 in
851 1865 914 1898 snam
925 1852 1017 1912 quisque
1028 1853 1111 1898 urbem.

228 1927 263 1965 tus
282 1926 316 1965 cst
335 1918 418 1980 Spiritu
438 1917 527 1971 Sancto,
541 1916 692 1978 prophetarit·
755 1919 770 1960 4
788 1915 896 1962 Ascendit
906 1923 980 1962 autem
996 1916 1064 1961 etiarn
1075 1915 1185 1977 Josephus

229 1999 277 2044 que,
289 1984 371 2037 dicens,
722 1995 736 2026 s
748 1977 854 2034 Galilaei,
865 1994 895 2025 ex
904 1980 956 2025 urbe
964 1977 1099 2034 Nazarethsl,
1108 1981 1130 2025 in
1142 1980 1184 2027 Ju-

260 2051 291 2092 68
309 2045 445 2092 Benedictus
457 2043 572 2090 Dominus
582 2042 647 2088 Deus
657 2041 693 2088 ls-
722 2044 805 2097 dseam,
818 2043 840 2089 in
852 2045 928 2089 urbem
942 2042 1043 2098 Davidis,
1053 2059 1108 2104 quae
1119 2059 1185 2090 vocs-

229 2111 309 2166 raiilis3
334 2106 393 2169 ‘ludd
414 2108 515 2154 inriserit
533 2114 556 2154 et
577 2107 694 2152 redemerit
723 2114 759 2153 tur
771 2106 930 2162 Bethlehems3
948 2105 1129 2168 proptereaqudd
1140 2121 1186 2155 orer

228 2173 332 2236 populum
345 2188 416 2227 suurn,
722 2185 751 2218 ex
762 2171 828 2218 domo
839 2178 862 2218 et
870 2169 952 2217 familiia
964 2171 1072 2218 Davidis:

262 2243 293 2286 69
310 2237 342 2284 Et
353 2235 448 2283 erexerit
458 2250 529 2282 cornu
540 2234 616 2282 salutis
631 2235 694 2282 nobis
755 2239 770 2283 5
789 2234 823 2282 Ut
833 2236 992 2282 describeretur
999 2251 1050 2282 curn
1063 2233 1137 2282 Marii
1147 2236 1186 2282 de·

230 2318 251 2348 m
263 2303 330 2348 domo
343 2301 438 2348 Davidis
448 2301 510 2363 pueri
522 2301 571 2346 suis
722 2297 804 2362 sponsi
823 2301 862 2346 sibi
885 2315 960 2354 uxore,
978 2315 1034 2361 quae
1055 2307 1102 2346 erat
1123 2316 1186 2362 prae-

261 2369 293 2413 70
311 2366 382 2413 Prout
392 2365 497 2426 loquutus
505 2371 539 2411 est
546 2380 586 2426 per
594 2379 620 2411 os
629 2379 692 2410 senc·
721 2379 801 2426 gnans.

149 2445 153 2454 ’
230 2439 310 2486 torum,
321 2430 359 2492 qui
370 2445 384 2478 a
394 2429 469 2477 seculo
485 2429 582 2484 fuerunt,
597 2429 692 2490 prophe-
755 2433 771 2475 6
789 2427 882 2474 Factum
894 2435 928 2474 est
943 2435 1016 2474 autem
1033 2443 1102 2489 quum
1113 2437 1185 2474 essent

230 2505 301 2542 terum
313 2509 420 2541 snorum:
722 2491 773 2546 illic,
793 2500 818 2539 ut
835 2491 976 2554 explerentur
993 2492 1040 2538 dies
1057 2492 1085 2538 nd
1099 2493 1182 2554 parien-

261 2564 290 2606 tl
310 2561 370 2606 Fore
378 2566 404 2605 ut
414 2573 455 2603 nos
472 2562 570 2602 servaret
580 2571 609 2602 ex
619 2556 692 2602 inimi·
723 2558 783 2603 dum.

229 2625 261 2669 cis
272 2622 359 2676 nostris,
371 2628 418 2667 ete
429 2637 496 2667 manu
507 2620 606 2666 omnium
618 2621 654 2681 qui
667 2637 692 2666 o·
756 2623 769 2666 7
789 2619 878 2681 Peperit
894 2620 963 2682 igitur
979 2619 1047 2666 fllium
1064 2636 1129 2666 suurn
1142 2621 1188 2682 pri·

229 2688 308 2734 derunt
319 2701 360 2731 nos
369 2701 377 2742 3
723 2686 869 2745 mogenitum,
885 2693 908 2730 et
927 2685 1000 2730 fasciis
1019 2700 1070 2731 eum
1087 2684 1188 2739 involvit,

261 2753 293 2797 tn
310 2748 344 2796 Ut
361 2755 460 2795 uteretur
472 2744 622 2794 misericordid
640 2764 695 2809 erga
724 2749 881 2808 reclinavitque
902 2765 953 2794 eum
975 2749 998 2795 in
1019 2750 1133 2809 prsesepi3
1161 2746 1187 2795 ed

229 2821 301 2878 patres
311 2818 406 2867 nosnos,
417 2827 444 2860 sc
455 2827 541 2859 or
548 2821 607 2859 esset
617 2812 693 2859 loede-
723 2809 783 2873 qudd
797 2828 843 2859 non
859 2821 907 2859 erat
922 2814 954 2858 eis
970 2813 1032 2859 locus
1048 2813 1071 2858 in
1088 2813 1188 2859 diverso·

230 2881 259 2926 ris
270 2878 304 2924 sui
316 2876 404 2933 sancti;
724 2877 764 2923 rio.

261 2947 293 2991 73
316 2942 349 2989 Et
365 2939 508 3004 jurisjurandi
529 2939 590 3001 quod
603 2941 695 3006 ‘juravit
757 2945 771 2985 8
790 2939 861 2988 Erant
871 2950 945 2988 autern
960 2948 1059 3003 pastores
1075 2940 1099 2988 in
1112 2938 1188 2988 eidem

230 3008 357 3055 Abrahamo
367 3007 424 3068 patri
441 3012 525 3062 nostro,
542 3006 654 3052 nimimm
671 3022 694 3052 se
724 3006 815 3066 regione
831 3007 971 3059 excubantes,
983 3012 1006 3052 et
1022 3013 1115 3068 egentes
1129 3005 1195 3067 rigi-s

230 3073 330 3120 daturum
342 3071 412 3127 nobis,
722 3068 762 3116 'jes
775 3070 845 3116 noctis
856 3085 921 3130 super
932 3086 1024 3131 gregem
1037 3085 1108 3116 suurn.

188 3192 190 3196 ¹
261 3141 293 3185 74
311 3135 345 3183 Ut
355 3136 403 3184 sine
411 3143 479 3191 metu.
490 3150 579 3184 emanu
590 3135 692 3182 inimico·
756 3139 771 3181 9
789 3133 820 3180 Et
831 3149 889 3188 ecce,
901 3133 993 3195 angelus
1006 3133 1099 3180 Domini
1111 3149 1188 3194 super·

229 3217 278 3249 rum
304 3208 432 3248 nostrorum
458 3201 550 3256 liberati,
572 3202 694 3248 serviamus
724 3199 785 3245 venit
796 3198 855 3259 ipsis,
866 3204 889 3244 et
899 3198 971 3259 gloria
989 3196 1082 3243 Domini
1094 3199 1188 3244 circurn-

229 3268 277 3328 tpsi,
722 3261 784 3309 fulsit
794 3278 840 3316 eos,
849 3269 872 3308 et
883 3263 1003 3308 timuerunt
1012 3263 1091 3308 timore
1099 3276 1189 3322 siagrio.

261 3334 292 3377 75
311 3327 369 3377 Cum
390 3329 505 3376 sanctitate
523 3334 546 3374 et
560 3325 653 3390 justitid,
670 3329 693 3373 in
760 3330 788 3372 lo
803 3325 870 3372 Tunc
885 3326 940 3372 dixit
956 3326 988 3371 eis
1000 3326 1099 3387 angelus,
1112 3325 1149 3371 Ne
1160 3325 1189 3370 tl·

229 3394 297 3456 ipsius
308 3402 435 3455 conspectu,
444 3400 530 3438 cuncus
539 3393 597 3438 vitae
605 3401 694 3438 nostrae
723 3401 802 3448 metes
826 3405 879 3436 ecce
895 3391 954 3436 enim
972 3390 1105 3452 evangelizo
1127 3389 1188 3436 robis

229 3459 311 3504 dicbus.
724 3455 831 3516 gaudium
842 3469 956 3516 magnum,
969 3454 1028 3514 quod
1039 3455 1081 3499 erit
1092 3453 1133 3499 toti
1146 3468 1186 3517 po-

262 3526 293 3578 76
317 3521 355 3568 Tu
377 3518 437 3576 verd,
460 3519 558 3582 puerule,
582 3517 695 3580 Propheta
723 3518 793 3581 pulo:

231 3585 341 3662 ⁴iltissimi¹
362 3587 494 3661 vocaberiss
519 3583 613 3651 praeibis
634 3584 694 3658 enim
740 3585 785 3659 'll
807 3583 902 3642 Nempe,
921 3591 998 3658 natum
1014 3597 1064 3628 esse
1073 3581 1137 3656 yobis
1147 3581 1187 3626 bo-

230 3647 379 3774 :patorem
402 3647 504 3705 Domus,
523 3655 549 3696 ut
566 3663 630 3710 pares
647 3663 695 3694 tres
725 3646 920 3762 fflpnffirpptpppren,
919 3653 1020 3757 131313ῑὲ
1025 3643 1187 3694 ChnstusDu

262 3778 292 3824 rt
311 3773 342 3819 Et
350 3773 388 3818 des
400 3775 550 3876 mimitiffem
566 3773 642 3821 salutis
653 3784 693 3816 no·
759 3775 789 3820 Ν
807 3771 861 3820 Hoc
871 3781 945 3822 autern
956 3774 1020 3822 vobis
1030 3773 1119 3836 signum
1130 3781 1191 3826 ent..
