2720 4312
525 402 858 460 r.1’ut·tt1ar1sa·oan‚
882 401 904 452 I.

237 509 305 556 uque
321 491 453 540 sdDomiai
468 491 595 540 adtentum.
628 490 697 544 Ecce,
728 487 788 535 vos?
804 494 859 536 oret.
892 486 1192 552 Boaoanimoesttllquist

235 558 333 618 agricola
342 563 455 618 exspectat
466 555 586 617 pretiosum
597 553 696 600 fructum
729 553 814 615 psallat.

236 628 312 675 terrae,
323 621 431 682 patienter
441 635 492 666 eum
501 627 637 680 εκερεοῐαῃε,
645 619 697 664 dum
764 621 793 662 14
811 618 922 678 Aegrotat
928 616 1005 676 aliquis
1013 616 1071 663 inter
1078 617 1139 664 vos?
1154 634 1192 665 sc·

236 686 326 747 accipiat
333 685 429 746 pluviam
444 684 574 733 matutinam
585 690 608 729 et
619 683 696 730 seroti-
729 690 801 727 cersat
818 682 957 741 presbyteros
973 681 1083 735 ecclesiae,
1095 689 1193 730 ctorem

236 764 294 796 narn.
730 761 770 806 pra
781 761 815 797 eo,
828 757 937 806 ungentes
948 760 997 792 curn
1010 745 1058 790 oleo
1070 746 1193 793 innomine

268 817 283 858 8
300 811 414 858 Patientes
425 817 496 856 estote
506 817 529 856 et
540 825 587 862 vos,
599 817 619 855 et
632 809 699 854 stabi·
733 808 826 854 Domini
839 825 845 854 ι

228 875 273 922 'lite
290 877 358 922 corda
375 883 455 928 vestra,
470 874 574 935 quoniam
591 874 699 919 adventus
765 875 794 919 15
812 871 843 918 lit
855 871 924 917 oratio
933 870 982 917 lidei
992 872 1085 918 servabit
1093 872 1193 920 laboran-

236 939 331 988 Domini
342 939 507 1001 appropinquat.
731 941 783 990 tem,
794 935 909 997 erigatque
924 951 974 981 eum
988 935 1114 983 Dominus:
1134 936 1193 998 quia

268 1008 283 1051 9
306 1003 344 1050 Ne
361 1003 499 1064 ingemiscite
517 1001 573 1048 alius
594 995 699 1047 adversim
731 999 852 1061 sipeccata
862 999 1002 1053 commiserit,
1015 1001 1152 1047 remittentur
1161 1003 1188 1048 ei.

235 1067 309 1121 alium,
320 1066 405 1120 iratres,
416 1073 442 1113 ut
456 1081 485 1112 ae
500 1064 696 1112 condemnemini:
766 1067 795 1110 16
812 1061 955 1111 confitemini
975 1063 1010 1110 alii
1029 1063 1076 1110 aliis
1093 1064 1193 1121 offensas,

236 1146 294 1184 scae,
301 1131 373 1192 judex
384 1137 435 1177 ante
441 1131 533 1192 januam
544 1129 624 1176 adstat.
730 1135 752 1174 et
762 1135 823 1174 orate
829 1127 864 1173 alii
872 1143 912 1188 pro
919 1127 1003 1180 aliisut
1011 1128 1127 1174 sanemini:
1135 1130 1193 1176 mul·

271 1198 301 1241 10
318 1195 410 1249 Sumite,
422 1193 500 1240 fratres
511 1193 561 1246 mei,
572 1209 613 1254 pro
621 1207 698 1238 exeun
730 1199 778 1237 tum
786 1191 1194 1253 enimvaletdeprecatiojustieflicax.

236 1257 291 1321 plari
308 1258 432 1306 vexationis
445 1273 470 1303 ac
485 1256 587 1311 lenitatis,
603 1257 699 1318 prophe-
765 1258 794 1301 tr
812 1254 875 1301 Elias
890 1256 958 1301 lromo
971 1264 1019 1302 erat
1029 1255 1105 1302 iisdem
1116 1257 1194 1317 quibus

237 1329 277 1376 tas,
286 1323 323 1383 qui
337 1322 421 1384 loquuti
437 1328 491 1368 suat
500 1321 523 1368 in
540 1316 630 1368 uoinine
647 1320 699 1366 Do-
731 1333 774 1365 aas
786 1318 937 1366 affectionibus
953 1319 1067 1373 obnoxius,
1084 1327 1107 1366 et
1122 1322 1193 1382 preci-

236 1386 298 1434 mini.
731 1383 773 1429 bus
788 1392 890 1445 precatus
900 1390 935 1430 est
951 1399 979 1429 ne
995 1383 1098 1444 plueret;
1114 1391 1138 1430 et
1149 1399 1194 1432 aar.

272 1453 297 1495 ll
318 1448 471 1504 Ecce,beatos
481 1447 653 1510 pronunciamus
660 1463 701 1494 eos
731 1446 788 1508 pluit
798 1462 864 1508 super
879 1454 959 1494 terram
977 1462 1047 1494 annos
1063 1454 1108 1494 tres
1120 1457 1143 1496 et
1154 1463 1193 1495 sex

236 1513 493 1574 quindaersatolerant:
508 1511 646 1558 tolerantiam
654 1510 700 1559 Job
731 1525 833 1557 meusesz
1018 1546 1024 1555 .

236 1577 334 1630 audistis,
353 1583 376 1623 et
394 1575 461 1622 linem
481 1574 575 1621 Domini
595 1576 697 1622 vidistis:
766 1578 795 1620 18
813 1573 845 1621 Et
856 1590 942 1620 rursum
954 1581 1194 1636 precatusestetcoe·

237 1656 288 1688 nam
299 1641 394 1687 abundat
403 1635 480 1686 intimi
490 1637 639 1686 misericordii
647 1639 699 1686 Do-
731 1637 778 1684 lum
795 1639 855 1684 dedit
871 1639 974 1700 pluviam,
985 1647 1008 1686 et
1019 1649 1077 1687 terra
1091 1641 1194 1702 produxit

237 1705 317 1760 minus,
328 1712 351 1751 et
361 1711 395 1750 est
406 1704 529 1750 miserator.
731 1701 828 1749 fructum
840 1718 911 1749 suum.

271 1772 301 1814 ta
318 1769 380 1815 Ante
390 1767 466 1815 omnia
482 1763 543 1822 verd,
554 1764 633 1814 iratres
649 1767 700 1822 mei,
767 1770 796 1814 19
815 1766 909 1821 Fratres,
919 1766 986 1827 siquis
994 1766 1098 1814 intervos
1106 1765 1194 1814 abstrai-

237 1848 266 1879 tas
278 1834 360 1896 jurate,
377 1847 448 1892 neque
465 1846 505 1894 per
521 1831 615 1886 coelum,
629 1847 701 1892 neque
733 1831 761 1876 rit
772 1827 890 1886 inveritate,
901 1839 924 1876 et
932 1831 1066 1877 converterit
1074 1847 1125 1877 curn
1133 1833 1194 1892 quis·

238 1913 277 1958 per
288 1905 376 1951 terram,
388 1912 459 1956 aeque
475 1896 534 1942 aliud
545 1895 613 1941 ullum
626 1895 700 1958 jusju-
732 1895 798 1958 piam,

238 1962 349 2018 randum3
374 1961 407 2006 sic
427 1967 501 2007 autem
520 1967 627 2014 vestrum,
649 1959 700 2014 Est,
765 1963 797 2005 20
814 1958 874 2005 Sciat
885 1971 943 2013 eum,
954 1957 991 2019 qui
1002 1958 1193 2020 averteritpecea-

238 2035 288 2081 ast;
304 2031 327 2071 et
339 2024 400 2078 Nan,
412 2039 473 2070 nan:
492 2039 521 2070 ne
531 2022 554 2069 iu
565 2023 700 2070 condemna·
733 2029 804 2068 torem
819 2023 935 2069 aberrare
951 2023 999 2069 viae
1018 2037 1077 2077 suae,
1094 2032 1193 2070 servatu-

238 2088 320 2135 tioaem
330 2087 438 2134 incidatis.
734 2101 782 2132 rum
798 2087 893 2132 animam
903 2082 917 2132 d
928 2093 1006 2140 morte,
1017 2093 1040 2132 et
1056 2087 1193 2134 obtectumm

272 2155 302 2198 13
318 2150 395 2215 Aeger
410 2158 445 2198 est
460 2149 535 2198 animo
549 2149 627 2212 aliquis
643 2149 701 2198 inter
733 2149 894 2198 multitudinem
906 2158 1053 2212 peccatorum.

296 2537 435 2598 PETRI
460 2537 696 2598 APOSTOLI
723 2538 956 2597 EPISTOLA
984 2537 1136 2598 PRIMA

569 2659 859 2720 CATHOLICA.

407 2803 482 2854 CAP.
505 2803 526 2853 1.
732 2821 774 2852 nec
794 2805 866 2868 perire
886 2813 966 2868 potest,
988 2821 1029 2852 nec
1044 2807 1195 2862 contaminari,

292 2867 405 2918 ETRUS
417 2869 539 2932 Apostolus
554 2868 609 2918 Jesu
622 2868 699 2917 Chris-
732 2885 773 2916 nec
784 2885 926 2920 marcescere.
939 2870 1000 2917 robis
1011 2871 1033 2916 in
1044 2871 1112 2918 coelis
1120 2887 1195 2919 servs·

323 2936 347 2991 ti,
358 2935 449 2982 advems
463 2934 566 2997 dispersis
582 2949 622 2996 per
637 2933 699 2980 Pon·
732 2941 784 2989 tam,

238 3009 292 3053 turn,
303 3000 421 3055 Galatiam,
433 2996 602 3063 Cappadociam,
615 2998 699 3053 Asiam,
764 3001 780 3046 5
797 2997 843 3052 Qui
856 2997 942 3044 virtutis
951 2995 1195 3058 Deipraesidiocusta-

237 3074 260 3112 et
271 3064 408 3125 Bithyniam,
732 3061 807 3108 dimini
830 3077 870 3123 pet·
889 3060 962 3114 fidem,
979 3062 1007 3108 ad
1023 3062 1115 3109 salutem
1132 3077 1195 3124 para·

270 3133 285 3176 2
302 3129 388 3176 Electis
395 3142 424 3174 ex
432 3127 562 3189 praestituto
571 3124 617 3173 Dei
627 3124 700 3171 Patris
733 3133 778 3174 tam
789 3124 887 3186 patelieri
899 3131 998 3186 ternpore
1009 3125 1087 3172 ultima

238 3193 265 3240 ad
276 3191 470 3239 sanctificationem
483 3190 583 3253 Spirittls,
595 3205 634 3252 per
647 3191 699 3236 obe-
764 3195 780 3236 6
798 3187 850 3245 Qut
867 3189 889 3234 in
907 3203 931 3234 re
946 3189 1067 3242 exsultatis,
1084 3189 1196 3250 paululum

237 3257 341 3302 dieutiam
363 3263 386 3301 et
412 3255 559 3316 aspersionem
588 3253 701 3314 sanguinis
732 3268 792 3299 nunc
805 3255 833 3316 (si
845 3268 901 3314 opus
912 3249 957 3309 est)
970 3252 992 3298 in
1009 3252 1075 3299 variis
1091 3256 1195 3300 tentatio·

236 3319 293 3368 Jesu
312 3319 412 3376 Christi,
436 3319 509 3380 gratia
530 3317 592 3364 vobis
613 3326 636 3363 et
657 3331 701 3378 pax
732 3314 990 3364 nibustristitiriail'ectir

239 3383 400 3492 ιιυὴίρρίοεῐυτ.
765 3382 780 3427 7
799 3379 833 3426 Ut
843 3380 964 3441 exploratio
975 3379 1120 3427 iideivestrae
1128 3380 1195 3428 mulie*

268 3451 285 3492 3
324 3447 437 3493 enedictus
453 3453 498 3491 esto
515 3442 581 3490 Deus
597 3451 619 3490 et
633 3442 701 3489 Pater
732 3445 848 3505 pretiosior
858 3445 1012 3505 capriorata’one
1022 3446 1076 3498 auri,
1087 3444 1195 3504 quodpa·

238 3508 332 3557 Domini
354 3511 424 3556 nostri
441 3508 498 3557 ,lesu
515 3505 605 3562 Christi,
620 3509 657 3567 qui
672 3521 701 3553 ex
733 3509 767 3562 n't,
786 3515 809 3553 et
826 3517 899 3554 tamen
916 3523 955 3568 per
971 3509 1046 3569 ignem
1063 3508 1197 3569 exploratur,

236 3571 306 3620 multi
321 3571 361 3620 suri
377 3570 526 3620 misericordiis
542 3573 644 3633 regenuit
660 3586 701 3617 nos
732 3570 879 3632 comperiatur
899 3572 959 3620 mit'r
974 3586 1021 3618 esse
1036 3571 1101 3625 laudi,
1117 3580 1140 3618 et
1156 3573 1197 3617 lro·

236 3637 259 3683 ia
280 3638 438 3712 spem'vivam
458 3651 498 3697 per
512 3636 700 3708 ’resurrectionem
733 3635 788 3717 apri,
800 3635 924 3728 et'glorise,
941 3637 964 3682 in
980 3634 1126 3697 patefactione
1142 3634 1196 3683 Jesu

199 3823 202 3830 .
236 3698 623 3866 leputlltpnzpt,aapn}}pppffimtem
645 3775 701 3820 quae
733 3697 951 3823 Lhdlsiiiremquum
969 3776 1014 3808 non
1030 3760 1135 3814 sacrius,
1148 3762 1195 3808 dili·
