2720 4312
347 427 368 458 ι.
381 391 803 466 sornssssuomcnnsns,
826 409 871 466 nt
884 409 928 456 1v.

310 515 390 564 CAP.
414 513 464 562 111.
653 513 1103 566 nostriJesuOtristieumomnibusnos

210 579 422 628 UAMOBREM
430 581 622 626 desideriumnon
655 579 744 628 tissuis.

148 723 199 754 mus
210 642 622 768 sdlliqidldlrseireirselrletleiidditimumdm·
816 705 890 756 cAP.
913 705 958 755 lv.

180 773 371 832 2Misimusque
380 771 523 818 Timotheum
532 769 622 818 fratrem
719 770 792 818 UOD
814 779 915 833 superest
934 772 1010 834 igitur,
1031 771 1116 828 fratres,

149 844 260 890 nostrum,
272 851 299 882 ac
311 836 439 883 ministrum
451 834 496 883 Dei
505 843 528 881 et
535 836 621 895 adjuto·
752 851 857 897 rogamus
868 851 909 882 vos
919 845 943 882 et
953 851 1068 897 precamur
1078 843 1118 897 par

149 916 199 946 rem
210 909 316 946 nostrum
327 899 351 944 in
362 899 480 960 evangelio
491 897 583 953 Christi,
595 899 623 946 acl
656 897 782 946 Dominum
792 898 878 953 Jesum,
895 907 920 946 ut
931 901 988 946 siout
1004 899 1118 962 accepistis

150 979 195 1010 vos
206 963 352 1010 stabiliendos
362 971 385 1008 et
396 963 546 1009 exhortandos
557 977 623 1024 super
655 963 740 1008 anobis
751 964 862 1023 quomodo
877 969 978 1024 oporteat
996 979 1039 1010 vos
1055 964 1117 1010 ince-

151 1028 197 1074 ude
208 1025 297 1074 vestris:
655 1026 714 1080 dere,
730 1034 753 1072 et
769 1026 854 1088 placere
874 1025 941 1080 Deos
953 1027 1025 1088 magis
1043 1027 1117 1074 excel·

186 1097 204 1137 ³
222 1091 257 1138 Ut
267 1106 336 1137 nemo
344 1087 622 1136 commoveamrolrafflic-
655 1089 712 1136 latis.

152 1155 303 1201 tionesistsar
322 1154 364 1215 ipsi
371 1155 431 1200 enim
439 1152 574 1200 ndstisadid
582 1169 624 1201 nos
688 1157 703 1198 2
721 1151 800 1200 Nostis
810 1153 869 1199 enim
877 1168 934 1213 quae
941 1152 1118 1200 mandatadcda·

153 1219 358 1266 esseconstitutos.
656 1216 724 1264 rimus
735 1218 797 1263 vobis
808 1231 847 1277 per
858 1215 983 1262 Dominum
993 1215 1080 1264 Jesum.
1114 1233 1123 1252 ¹

188 1287 205 1328 4
221 1282 315 1329 Etenim
324 1295 393 1342 quum
401 1273 508 1342 apudiros
516 1296 623 1336 essemus,
687 1285 704 1326 ὅ
721 1281 780 1328 Nam
787 1280 987 1327 haeeestvoluntss
994 1279 1119 1338 Deiras»-

154 1346 337 1409 praedicebamus
347 1346 410 1391 vobis
421 1345 469 1390 fore
480 1353 506 1391 ut
512 1345 622 1406 affligere·
652 1359 683 1406 pr
694 1344 837 1392 sanctificatio
848 1345 922 1398 vestri,
933 1347 959 1390 s'd
969 1352 1008 1400 est,
1020 1352 1044 1391 ut
1052 1345 1118 1392 absti-

157 1425 207 1458 mur
217 1427 224 1466 ;
241 1410 303 1470 quod
312 1416 336 1455 et
346 1409 427 1462 evenit,
438 1416 462 1455 et
472 1407 548 1455 mistis.
656 1410 748 1456 neatisa
758 1409 908 1456 scortationes

188 1477 204 1520 5
222 1473 375 1526 Qrmmobrem
385 1473 451 1519 etiam
460 1487 504 1534 ego
515 1487 560 1519 nou
575 1487 623 1518 am·
687 1477 704 1518 4
722 1473 756 1520 Ut
772 1473 827 1520 sciat
848 1473 947 1519 vestrim
970 1473 1119 1534 unusquisqe·

156 1535 215 1600 plids
221 1553 258 1584 me
267 1537 392 1590 continens,
403 1536 453 1582 misi
464 1552 514 1583 eum
526 1544 552 1583 ut
567 1553 622 1598 cog-
656 1551 721 1582 auum
732 1553 772 1584 vas
780 1537 892 1600 possidere
908 1537 930 1582 in
946 1538 1118 1584 sanctificatione

156 1617 273 1648 noscerem
283 1600 351 1646 iidem
367 1607 464 1646 vestram
474 1618 480 1646 ι
499 1603 584 1647 mitur
595 1615 624 1647 ne
656 1608 678 1647 et
689 1603 789 1648 honore:

156 1681 201 1726 quo
212 1666 281 1711 modo
291 1661 399 1711 tentdsset
410 1678 450 1710 vos
466 1671 563 1710 tentator
580 1665 623 1718 ille,
688 1668 703 1712 5
721 1665 775 1712 Non
785 1666 809 1711 in
820 1666 897 1711 morbo
912 1665 1043 1726 cupiditatis,
1061 1665 1118 1712 sicut

157 1736 180 1775 et
196 1730 269 1776 inanis
291 1727 388 1775 redditus
409 1734 467 1774 esset
488 1729 549 1775 labor
571 1743 623 1774 nos·
656 1736 735 1790 gentes
746 1743 803 1789 quae
814 1743 859 1773 non
871 1735 982 1774 noverunt
993 1727 1083 1777 Deum:

158 1801 198 1839 ter.
688 1797 703 1838 6
720 1794 754 1838 Et
765 1799 790 1837 ut
801 1806 829 1837 ne
839 1793 891 1850 quis
907 1791 1022 1852 opprimat,
1039 1797 1062 1835 et
1077 1791 1117 1837 lra-

190 1861 206 1903 6
231 1855 312 1917 Nuper
332 1863 413 1908 autem,
435 1871 503 1915 quum
526 1855 624 1902 venisset
656 1852 1118 1915 irestquaestuiinnegotiofratremsuum3

158 1919 292 1967 'limotlreus
302 1919 330 1966 ad
340 1935 383 1966 nos
393 1916 407 1965 d
417 1921 486 1974 vobis,
502 1926 526 1966 et
541 1920 623 1966 laetum
656 1934 707 1965 nam
719 1919 777 1964 ultor
788 1924 822 1964 est
834 1916 947 1962 Dominus
955 1917 1055 1962 omnium
1063 1916 1118 1962 isto·

160 1984 265 2030 nuncium
282 1983 346 2030 nobis
362 1983 473 2029 attulisset
491 1983 519 2030 de
537 1983 580 2030 lide
601 1989 625 2029 et
657 1998 713 2036 rum,
731 1983 788 2028 sicut
803 1988 826 2028 et
842 1976 894 2026 antri
905 1981 1001 2026 diximus
1011 1979 1079 2034 vobis,
1096 1987 1119 2027 et

159 2049 265 2094 charitate
275 2043 357 2101 vestri,
367 2053 391 2094 et
399 2044 458 2107 qudd
465 2048 545 2093 bonam
554 2047 624 2094 nostri
657 2053 809 2093 asseveranter
819 2044 928 2092 testificati
939 2059 1022 2091 sumas.

160 2111 289 2158 memoriam
308 2111 428 2165 retineatis,
447 2125 534 2172 semper
554 2126 623 2172 expe·
689 2113 703 2158 7
722 2109 775 2156 Non
787 2111 845 2156 enim
857 2109 945 2156 vocavit
956 2124 998 2154 nos
1009 2107 1075 2154 Deus
1091 2108 1118 2155 ul

160 2181 233 2222 tentes
246 2191 288 2221 nos
304 2175 385 2229 videre,
403 2176 460 2220 sicut
477 2191 518 2222 nos
536 2190 624 2236 quoque
656 2173 810 2235 impuritatem,
827 2174 866 2220 sed
877 2174 904 2219 sd
915 2171 1119 2220 sanctificationem.

161 2255 220 2296 ros;
689 2242 703 2282 8
721 2237 818 2284 Proinde
829 2239 864 2298 qui
876 2239 932 2283 iaec
941 2237 1017 2297 rejicit,
1029 2251 1074 2282 aon
1083 2251 1118 2282 re·

192 2306 207 2350 7
226 2301 348 2364 Propterea
366 2301 539 2348 consolationem
559 2317 623 2348 acce-
652 2301 831 2364 jicitluominenr,
848 2300 887 2346 sed
902 2299 986 2352 Deum,
1003 2299 1118 2358 quietiam

160 2366 239 2428 pimus,
249 2367 335 2420 iratres,
347 2367 547 2422 exvobiaiuomni
553 2367 623 2412 alllic·
656 2365 715 2412 dedit
726 2364 789 2410 nobis
801 2364 906 2424 Spiritum
918 2377 982 2408 suum
993 2368 1101 2407 sanctum.

161 2431 221 2477 tione
234 2437 258 2477 et
273 2430 405 2481 necessitate
420 2427 502 2486 nosnd,
515 2445 555 2492 per
572 2446 623 2476 ves·
689 2433 705 2476 9
721 2424 841 2476 Caetenlm
858 2426 886 2472 de
901 2422 998 2471 fratemd
1013 2425 1119 2471 charitats

161 2501 217 2540 tram
228 2493 307 2541 fidem:
657 2508 703 2538 non
715 2506 805 2544 necesse
815 2490 898 2537 habetis
907 2497 931 2535 ut
939 2489 1032 2535 scribam
1041 2489 1116 2535 vobis:
1191 2523 1194 2528 ι

193 2562 208 2602 8
225 2557 294 2604 Nunc
305 2557 364 2604 enim
375 2557 478 2606 vivimus.
490 2557 508 2604 si
520 2573 561 2604 vos
572 2573 623 2620 per·
656 2557 697 2617 ipsi
715 2570 810 2615 narnque
827 2551 931 2601 divinittls
950 2553 1008 2600 docti
1025 2553 1078 2599 estis
1094 2561 1119 2600 ut

162 2621 223 2668 statis
233 2623 257 2668 iu
268 2620 378 2668 Domino.
656 2620 752 2681 diligatis
763 2619 798 2666 alli
809 2619 870 2666 alios.

193 2691 208 2732 9
225 2685 301 2739 Quam
312 2685 372 2730 enim
383 2685 503 2744 gratimum
514 2685 624 2732 sotionem
691 2689 721 2732 10
737 2683 797 2732 Nam
806 2692 829 2731 et
836 2682 907 2730 facitis
915 2683 957 2728 hoc
965 2697 1020 2743 erga
1027 2687 1119 2730 cunctos

162 2763 278 2810 possumus
298 2747 352 2794 Deo
371 2749 491 2809 rependere
508 2749 536 2796 de
554 2749 623 2802 vobis,
657 2747 784 2809 fratresqui
796 2756 848 2795 sunt
864 2748 887 2794 in
903 2744 950 2803 toni
967 2743 1116 2793 Macedoniis

69 2819 76 2824 “
162 2828 226 2874 supsr
248 2813 309 2858 omni
333 2811 415 2872 gaudio
435 2827 480 2872 qua
501 2813 633 2874 gaudemus¹
656 2821 913 2874 precamurautemvos,
930 2811 1015 2865 fratres,
1033 2818 1118 2856 utma-

162 2883 250 2939 propter
261 2891 303 2922 vos
313 2889 389 2921 coram
400 2874 453 2921 Deo
463 2886 542 2922 nostro
551 2893 559 2932 ς
656 2876 691 2938 gis
702 2877 829 2924 excellatiss

195 2944 225 2986 10
241 2939 353 2986 Nocteac
370 2939 406 2985 die
421 2935 488 2999 quim
503 2941 624 2986 veliemen-
691 2944 717 2985 11
737 2939 770 2986 Et
786 2939 924 2987 contendatis
940 2937 1008 2997 quieti
1024 2951 1079 2988 esse,
1095 2944 1119 2982 et

163 2999 246 3050 tissimd
264 3010 380 3066 precantes
396 3009 421 3048 ut
440 3003 555 3051 videamus
572 3017 624 3049 vas·
657 3018 692 3049 res
703 3011 787 3050 vestras
797 3017 871 3062 agere,
887 3015 913 3046 ac
930 2999 1014 3059 operari
1025 2999 1119 3058 propriis

161 3074 218 3115 tram
228 3067 315 3120 facicm,
327 3073 350 3112 et
360 3081 416 3126 quae
426 3066 506 3114 desum
515 3066 564 3114 fidei
573 3083 622 3114 ves·
657 3067 757 3113 manibus
765 3066 851 3118 restris,
862 3064 919 3109 sicut
927 3061 990 3108 vobis
998 3061 1118 3106 denuncia-

161 3137 208 3178 trse
218 3129 385 3192 compleamus?
656 3131 744 3186 vimua3

195 3199 222 3240 ll
242 3193 296 3256 Ipse
303 3190 358 3240 verd
366 3192 536 3241 DeusetPster
543 3200 624 3248 noster,
691 3197 721 3239 12
739 3192 773 3240 Ut
791 3207 832 3236 vos
853 3189 936 3252 geratis
954 3181 1047 3234 honesti
1065 3201 1118 3248 ergs

162 3265 184 3306 et
192 3257 308 3306 Dominus
313 3264 389 3304 noster
395 3256 464 3305 Jesus
473 3256 583 3312 Christus,
591 3258 624 3304 di·
656 3265 780 3309 extraneos,
791 3261 814 3301 et
825 3255 905 3300 nullius
915 3251 1038 3312 indigeatis.

162 3323 220 3385 rigat
230 3322 289 3368 m‘sm
300 3328 399 3366 nostram
410 3322 438 3367 ad
448 3336 497 3368 vos.
692 3325 722 3367 13
738 3319 815 3365 Nolim
826 3325 900 3364 autem
911 3331 952 3362 uos
963 3316 986 3360 in
994 3309 1119 3375 ignorantld

196 3390 226 3430 12
242 3385 311 3432 Faxit
320 3391 394 3430 autem
401 3383 516 3432 Dominus
524 3391 548 3430 ut
557 3385 625 3430 abun-
657 3385 746 3438 versari,
765 3383 850 3437 fratres,
869 3381 928 3442 quod
944 3379 972 3426 ad
987 3393 1026 3424 sos
1041 3379 1119 3425 attinet

163 3448 217 3497 teris
233 3456 257 3494 et
271 3448 396 3495 exuberetis
414 3447 492 3495 mutui
509 3449 568 3494 inter
586 3463 627 3494 vos
658 3450 695 3509 qui
707 3447 878 3499 obdormierunt,
895 3452 920 3490 ut
935 3458 963 3488 ne
974 3441 1071 3496 doleatis,
1089 3443 1119 3488 si·

164 3513 274 3566 eharitate,
296 3519 319 3556 et
338 3511 361 3558 in
379 3527 464 3568 omnes,
482 3511 625 3572 quemadmo·
658 3521 696 3558 cut
706 3518 729 3558 et
740 3511 820 3556 caeteri
830 3509 867 3569 qui
879 3523 940 3569 spem
952 3519 997 3552 non
1008 3506 1093 3552 habent.

164 3575 247 3622 dumet
259 3591 301 3621 nos
311 3575 335 3620 in
345 3589 400 3621 voss
693 3579 723 3620 14
739 3573 799 3620 Nam
811 3573 829 3618 si
840 3573 950 3618 credimus
963 3568 1043 3617 Jesum
1059 3585 1119 3616 mor·

198 3643 227 3686 1³
245 3638 279 3686 Ut
290 3637 357 3684 corda
367 3646 441 3686 vestra
451 3638 562 3700 inculpata
580 3643 626 3683 sta·
658 3645 722 3684 tuum
738 3651 788 3682 esse
803 3643 826 3682 et
842 3632 992 3688 resurrexisse,
1010 3634 1041 3680 ita
1055 3636 1118 3681 etima

163 3702 227 3749 biliaf
238 3703 261 3748 in
281 3702 427 3748 sanctimonia
439 3717 514 3748 coram
533 3701 586 3747 Deo
605 3709 629 3746 et
660 3701 725 3748 Deus
742 3715 781 3746 eos
798 3699 835 3766 qui
851 3698 1015 3746 obdormierunt
1031 3696 1120 3748 inJess

167 3763 232 3812 Patre
251 3771 330 3812 nostro
347 3765 369 3811 in
389 3765 509 3813 adventum
532 3763 627 3812 Domini
659 3766 813 3812 adducetcum
824 3779 859 3811 eo.

368 3829 415 3878 231
