2720 4312
436 397 455 441 ι.
468 391 636 440 srrsnuun
651 365 805 449 ioannis,
828 391 848 450 1,
860 391 895 440 11.

184 494 227 542 hu
237 497 295 543 ulios
310 496 391 558 perire,
403 497 442 543 sed
458 511 535 543 omnes
547 496 576 543 sd
590 497 643 542 resi·
677 496 814 558 exspectetis,
830 495 916 542 studete
932 503 957 541 ut
973 488 1139 544 incontaminati

183 561 308 622 praeentiam
319 561 419 606 tendere.
677 567 700 606 ct
717 559 820 622 inculpati
840 561 867 606 ab
884 575 911 606 eu
931 559 1068 622 reperiamini
1087 573 1138 606 curn

215 627 245 669 10
261 621 344 670 Veniet
354 631 429 670 autem
442 621 571 670 sicutt'urin
580 629 646 669 nocta
677 639 745 684 pace:

182 685 227 732 dies
238 688 274 733 ille
286 686 388 740 Domini,
400 703 444 748 quo
460 687 516 733 coeli
532 702 582 732 cum
594 687 645 732 stri·
712 689 741 733 15
759 685 896 746 Dourinique
917 685 986 732 nostri
1005 685 1137 748 patientiam,

182 751 234 796 dore
245 752 400 813 praeteribunt,
412 751 522 796 elementa
531 749 585 796 reni
596 766 645 796 aes·
678 751 769 796 miutem
781 750 860 802 ducite,
873 749 928 795 sicut
941 757 964 796 et
980 751 1058 797 charus
1072 751 1138 796 frates

183 816 265 860 tuantia
273 816 393 868 solventur,
403 821 511 874 terraque,
522 821 545 860 et
556 829 612 874 quae
623 814 646 859 in
678 823 753 876 noster
766 813 848 859 Paulus
859 829 899 874 pro
910 814 950 860 sibi
967 815 1018 861 data
1033 815 1137 876 sapientis

182 893 207 924 aa
217 887 268 923 sunt
280 894 353 939 opera,
364 885 492 924 exurentur.
677 878 764 938 scripsit
775 878 837 923 vobis
846 894 853 923 ι

217 944 242 985 ll
263 941 340 995 Quum
355 942 424 1002 igitur
439 942 493 987 haec
510 941 585 987 omnia
599 940 644 986 dis·
710 944 740 987 16
759 940 792 987 Ut
810 944 833 986 in
851 941 952 986 omnibus
971 937 1017 987 iere
1035 941 1136 1002 epistns'rs,

183 1005 288 1050 solvenda
299 1007 349 1058 rint,
358 1005 434 1065 quales
445 1011 533 1065 oportet
544 1019 593 1051 esse
604 1019 645 1050 vus
676 1004 770 1064 loquens
781 1005 809 1050 de
819 1004 873 1057 istis,
885 1004 907 1049 in
922 1005 1000 1064 quibus
1015 1011 1068 1051 sunt
1082 1019 1131 1052 non

183 1068 205 1114 hs
216 1070 296 1114 unctis
307 1069 511 1115 conversationibus
521 1075 545 1114 et
558 1068 646 1130 pietatis
678 1068 738 1114 nulla
749 1068 845 1114 difficilia
860 1068 979 1121 intellectu,
991 1083 1047 1128 quae
1058 1069 1138 1116 indata

182 1131 275 1186 officiin
674 1131 795 1194 pariumque
816 1131 903 1177 stabiles
922 1131 1059 1192 detorquent,
1077 1139 1101 1178 ut
1116 1139 1139 1180 aa

215 1198 244 1241 12
261 1195 423 1257 Exspectantes
431 1203 454 1241 et
462 1203 603 1257 properantes
612 1197 643 1241 ud
674 1196 768 1255 reliquas
776 1201 901 1256 scnpmras,
910 1210 950 1241 ruo
958 1195 1056 1254 ipsorum
1064 1195 1139 1242 exitio.

183 1257 299 1307 adventurn
310 1260 352 1305 diei
370 1259 422 1314 Dei,
433 1260 456 1304 in
467 1275 511 1320 quo
522 1259 577 1304 coeii
587 1273 643 1305 con·
710 1263 738 1305 17
767 1257 816 1304 Vos
842 1259 916 1319 igitur,
944 1258 1023 1311 ulem,
1046 1261 1138 1306 istorum

182 1321 300 1384 flagrantes
310 1323 431 1378 mirentur,
442 1331 466 1370 et
476 1323 585 1369 cierateuta
594 1338 643 1369 aes·
675 1322 766 1384 praescii
777 1337 845 1382 quum
856 1323 909 1376 sitis,
921 1329 997 1368 cavete
1009 1337 1037 1368 ne
1052 1323 1138 1368 iliorum

184 1386 417 1447 tuantiaiiquesoent?
675 1385 808 1432 nesan’orum
829 1401 904 1432 errore
925 1401 975 1430 cum
995 1385 1037 1431 iiiis
1056 1387 1131 1432 abduci

215 1453 245 1495 13
262 1450 306 1496 Sed
315 1451 392 1496 coeios
402 1465 473 1496 novos
479 1465 505 1496 ac
514 1457 594 1496 terram
601 1465 643 1496 no·
675 1449 780 1496 excidatis
790 1445 804 1494 d
813 1447 900 1512 proprii
911 1449 1033 1504 stabilitate,

19 1489 20 1518 i
112 1531 117 1536 ·
187 1528 232 1558 sam
248 1511 369 1560 secundini
386 1515 519 1577 promissum
538 1515 586 1576 ejus
602 1528 642 1560 ex·
709 1517 738 1559 18
756 1514 935 1560 Sedoreacitein
950 1511 1021 1574 gratiis
1036 1520 1059 1560 et
1120 1513 1139 1552 ⁸·

183 1584 311 1638 spectamus,
333 1578 357 1624 io
378 1578 457 1639 quibus
472 1578 560 1640 justitia
580 1577 643 1623 inhs·
675 1576 913 1624 tioneDomininostn'
921 1585 943 1623 et
952 1577 1076 1624 servatoris
1100 1593 1138 1624 ess

183 1640 241 1687 bitat.
677 1640 773 1690 Christi:
792 1642 827 1686 cui
851 1641 928 1702 gloria,
950 1647 973 1688 et
992 1655 1052 1688 nunc
1073 1649 1096 1688 st
1111 1641 1138 1688 ad

215 1707 245 1750 1⁴
261 1704 410 1768 Quapropter,
421 1705 501 1760 dilecti,
510 1719 578 1766 quum
589 1705 647 1752 isaeo
675 1711 762 1767 tempus
773 1706 937 1765 sempiternum.
971 1705 1052 1764 Amen.

209 2090 413 2152 JOANNIS
436 2090 670 2152 APOSTOLI
695 2089 928 2150 EPISTOLA
949 2089 1101 2149 PRIMA

519 2210 810 2270 CATHOLICA.

350 2331 425 2382 CAP.
449 2331 469 2381 Ι.
675 2333 754 2380 habere
770 2347 821 2378 cum
837 2347 871 2384 eo,
888 2338 910 2378 et
926 2331 949 2376 in
966 2331 1060 2377 tenebris
1076 2331 1138 2379 inca·

243 2397 317 2445 UOD
329 2405 376 2444 erat
386 2394 400 2444 d
410 2397 523 2458 principio,
532 2397 591 2458 quod
602 2411 642 2443 su·
675 2397 754 2451 dimm,
763 2396 888 2447 mentimur,
898 2409 939 2440 nec
950 2390 1035 2440 sinceri
1043 2396 1138 2456 agimus

274 2462 377 2515 divimus,
388 2461 447 2522 quod
464 2462 559 2507 vidimus
574 2460 644 2507 oculis
709 2463 723 2507 7
741 2457 810 2513 Qudd
820 2459 838 2504 si
850 2459 872 2504 in
884 2458 933 2504 iuce
943 2458 1071 2513 incedimus,
1083 2462 1140 2506 sicut

181 2527 268 2579 nosris,
284 2526 344 2586 quod
360 2523 513 2586 spectarimus,
527 2533 549 2570 et
565 2539 644 2570 manus
675 2524 722 2585 ipse
740 2531 775 2568 est
793 2523 816 2568 in
831 2523 886 2576 luce,
904 2523 1083 2569 communionem
1099 2524 1137 2569 ha·

181 2587 482 2636 nostroecoatrectiruntde
493 2603 595 2635 sennone
606 2588 644 2634 ilio
675 2588 752 2634 bemus
770 2601 821 2632 cum
838 2602 865 2632 oo
884 2593 990 2639 mutuam,
1008 2593 1031 2632 et
1049 2587 1139 2648 moguir

181 2654 239 2698 ritae
248 2670 254 2698 ι
675 2650 731 2699 Jesu
744 2648 827 2697 Christi
840 2649 889 2696 Fuit
901 2651 948 2712 ejus
964 2659 1044 2712 purgat
1060 2667 1102 2697 nos
1112 2652 1140 2697 ab

213 2720 229 2762 2
245 2715 319 2779 (Nam
330 2716 376 2761 vita
386 2715 495 2777 patefacta
504 2724 554 2762 esta
572 2722 596 2761 et
609 2715 643 2760 vi-
676 2715 737 2762 omni
747 2725 845 2775 peccato.
867 2735 872 2744 ·

180 2779 259 2834 dimus,
277 2788 300 2826 et
316 2787 429 2834 testamur,
445 2787 469 2825 et
484 2780 644 2825 annunciamus
708 2783 723 2824 8
741 2779 764 2825 Si
776 2779 895 2825 dixerimus
911 2793 953 2825 nos
969 2786 1082 2840 peccatum
1094 2791 1139 2824 non

181 2843 327 2890 votis·vitam
344 2844 404 2890 illam
418 2855 537 2897 aeternam,
548 2858 604 2903 quae
618 2859 643 2888 e·
676 2843 762 2896 habero,
780 2844 880 2905 nosipsos
901 2843 1003 2897 fallimus,
1020 2851 1043 2888 et
1057 2843 1139 2888 veritas

162 2921 167 2928 ·
182 2915 215 2953 rat
224 2908 283 2968 apud
295 2906 391 2962 Patrem,
402 2913 426 2953 et
440 2907 548 2968 patefacta
557 2915 592 2953 est
603 2922 644 2952 no·
676 2907 699 2952 in
711 2907 773 2953 nobis
788 2921 832 2951 non
843 2913 884 2950 est.

181 2971 213 3018 his
225 2969 245 3030 3)
709 2976 724 3017 9
741 2968 764 3014 Si
783 2968 929 3013 confiteamur
946 2972 1035 3028 peccata
1056 2972 1138 3020 nostra,

212 3038 229 3079 3
246 3034 321 3089 Quod,
333 3036 435 3096 inquam,
444 3034 644 3080 vidimuseraudr·
676 3032 746 3080 fidelis
756 3038 790 3077 est
801 3037 824 3077 et
835 3031 916 3092 justus,
928 3037 953 3076 ut
964 3030 1060 3075 remittat
1076 3029 1137 3075 nobis

182 3097 260 3152 durus,
280 3098 302 3143 id
320 3099 479 3144 annunciamus
494 3098 562 3151 vobis,
580 3103 605 3143 ut
622 3103 647 3142 et
677 3102 772 3158 peccata,
787 3102 811 3141 et
826 3100 907 3155 purget
922 3108 964 3140 nos
979 3093 1007 3140 ab
1022 3092 1082 3139 omni
1095 3092 1136 3138 iai·

182 3175 222 3206 uos
233 3163 410 3208 communionem
418 3161 514 3210 habeatis
522 3161 645 3215 uobiscum;
677 3160 766 3222 quitata.

182 3230 205 3272 st
214 3226 342 3271 communio
356 3233 432 3272 nostra
442 3227 472 3272 ss't
482 3239 533 3270 cum
546 3223 613 3272 Patre
623 3231 646 3270 et
713 3227 742 3268 lo
759 3221 782 3268 Si
793 3220 912 3267 dixerimus
923 3235 964 3266 nos
973 3233 1018 3266 non
1029 3215 1133 3281 peccissn

182 3302 232 3334 oum
245 3287 302 3335 Filio
313 3290 360 3350 ejus
370 3287 426 3337 desa
438 3286 537 3336 Christo.
676 3287 804 3333 mendacem
821 3284 912 3330 iacimus
934 3299 992 3338 eum,
1014 3291 1037 3330 et
1063 3297 1134 3332 senate

214 3355 230 3397 4
247 3352 279 3398 Et
289 3353 343 3398 haec
354 3353 469 3398 scribimus
477 3351 545 3406 vohis,
555 3358 579 3396 ut
587 3365 643 3413 gau·
677 3353 724 3413 ejus
735 3357 824 3396 nonest
835 3349 858 3394 in
869 3349 938 3395 nobis.

184 3414 242 3462 dium
254 3423 352 3462 vestrum
364 3418 392 3462 sit
402 3416 500 3477 plenum.

214 3481 229 3526 5
247 3478 299 3526 Huc
318 3487 353 3526 est
369 3480 438 3540 igitur
455 3479 566 3532 nuncium,
585 3477 644 3537 quod
841 3472 915 3521 CAP.
938 3473 972 3520 11.

185 3543 304 3589 audivimus
326 3557 355 3590 ex
376 3544 431 3605 ipso,
448 3550 472 3590 et
490 3543 643 3588 renunciamus
703 3537 841 3586 ‘tILlOLI
858 3539 908 3593 urei,
923 3539 976 3584 haec
987 3537 1058 3583 scnbo
1069 3536 1133 3584 vobrs

184 3607 250 3658 vobis,
264 3606 339 3652 Deum
350 3605 481 3653 iucemesse
491 3621 532 3652 nec
543 3605 644 3652 teaebms
764 3610 789 3647 ut
807 3617 836 3647 ne
853 3602 954 3662 peccetis.
988 3597 1056 3654 Quod
1073 3600 1138 3661 siquis

185 3671 203 3715 b
215 3685 241 3715 eo
252 3685 302 3716 esse
312 3669 374 3716 ullas
675 3663 776 3730 peccir'it,
787 3664 918 3711 advocatum
929 3663 987 3727 apud
999 3663 1088 3712 Patrem
1099 3665 1132 3712 iss

213 3739 226 3780 d
245 3733 269 3782 ei
281 3733 401 3780 dixerimus
414 3748 455 3779 nos
465 3747 530 3779 coum
542 3729 642 3778 unionem
675 3731 759 3784 mnus,
769 3728 848 3777 Jesum
860 3726 974 3778 Christum
984 3730 1083 3792 iusum
