2756 4320
217 373 223 399 ⁸
616 379 736 435 ACTA.
760 378 793 430 11.

213 485 344 534 ιιιιιιιὺιιι
357 485 476 547 Oyrenem,
488 487 619 533 etadvenne
636 485 685 534 Ro·
718 485 829 532 dolonbus
845 486 930 560 mortis,
949 483 977 532 ed
994 483 1054 547 qudd
1073 485 1119 534 lieri
1134 499 1181 534 ner

225 553 289 605 arani,
301 559 348 598 tum
359 551 376 599 J
377 551 446 604 udaer
458 557 506 596 tum
517 550 630 611 proselyti.
718 558 806 611 poterat
815 556 840 596 ut
850 550 900 610 ipse
908 546 969 596 ab
945 566 972 597 ea
983 551 1121 598 retineretur.

258 619 284 661 ll
305 614 390 667 Cretes,
402 622 425 660 et
437 615 529 668 Arabes,
541 615 641 659 audimus
648 628 687 658 eos
751 616 782 659 25
800 612 1009 660 Davidenimdicit
1027 615 1055 662 de
1071 631 1105 668 eo,
1126 613 1182 661 Pro·

224 677 338 738 loquerztes
360 679 441 724 nostris
463 678 544 740 linguis
571 677 688 739 rnagnifica
719 677 835 736 spiciebam
849 676 1058 724 Dominumcoranr
1072 694 1109 724 me
1125 694 1183 725 sem·

225 741 352 802 Deifacto.
719 755 773 801 per3
790 741 894 800 quoniam
912 750 947 788 est
962 743 1015 788 niihi
1031 743 1059 790 ad
1077 743 1185 799 dextram,

258 810 288 850 12
305 806 495 866 Obstupescebant
514 805 582 866 igitur
603 819 688 858 omnes,
721 820 749 850 ne
759 805 879 851 concutiar

223 877 247 916 et
257 871 398 922 haesitabant,
410 870 508 916 dicentes
518 870 574 915 alius
582 869 689 922 odahum
754 872 785 914 26
803 866 925 929 Propterea
943 869 1075 916 oblectatum
1091 876 1125 916 est
1146 885 1185 918 ιιι
1211 917 1215 926 ,

224 933 286 988 Quid
297 935 339 979 hoc
350 949 384 980 rer
395 948 444 980 esse
452 933 541 995 possiti
721 946 802 984 meum,
830 940 853 978 et
879 933 986 978 exultavit
1012 933 1089 993 lingua
1118 949 1183 980 meaa

260 1001 289 1042 15
305 998 351 1043 Alii
368 994 422 1044 verd
438 998 567 1044 cavillantes
584 997 690 1049 dicebant,
722 1003 787 1056 atque
805 995 859 1042 adeo
878 1011 929 1042 caro
946 1012 996 1043 mea
1014 998 1184 1046 commorabitur

227 1060 287 1109 Vino
298 1061 355 1107 dulci
364 1061 422 1123 pleni
435 1069 493 1108 sunt.
723 1074 774 1105 cum
787 1075 831 1120 spe.

258 1129 288 1170 14
305 1123 437 1173 Consistcns
452 1133 526 1172 autem
545 1125 626 1172 Petrus
642 1139 693 1170 cunr
756 1126 786 1169 27
804 1123 917 1176 Quoniam
928 1138 973 1168 non
985 1123 1121 1184 derelinques
1137 1125 1187 1172 ani·

225 1190 336 1243 undecim,
348 1190 437 1236 sustulit
448 1205 527 1236 vocem
539 1205 609 1242 suam,
621 1198 644 1235 et
655 1188 689 1233 af·
723 1201 781 1234 mam
797 1202 869 1234 meam
885 1186 942 1247 apud
962 1187 1050 1242 inferos,
1069 1203 1110 1234 nec
1128 1189 1188 1234 sines

134 1299 137 1307 ,
224 1251 382 1306 istusesteos,
395 1255 477 1307 dicens,
486 1253 536 1298 Viri
545 1253 631 1305 Judaei,
641 1265 690 1298 vos·
723 1251 829 1296 Sanctum
841 1251 902 1296 illum
918 1263 980 1299 tuum
996 1252 1077 1298 sentire
1092 1267 1187 1310 corrup-

224 1331 268 1378 que
276 1331 353 1362 omnes
361 1333 398 1378 qur
393 1318 508 1363 'habitatis
518 1316 689 1376 Hierosolymis,
722 1315 812 1362 tionem.

225 1382 267 1427 huc
278 1379 340 1426 robis
351 1390 429 1426 notum
440 1389 495 1434 esto,
507 1387 531 1426 et
541 1380 630 1426 auribus
638 1395 689 1441 per·
754 1383 785 1424 28
802 1378 876 1426 Notas
886 1378 939 1424 mihi
954 1377 1025 1424 fecisti
1043 1379 1090 1426 vias
1111 1379 1186 1436 ritaea

224 1444 290 1504 cipite
301 1445 367 1489 verba
377 1458 434 1490 mea.
721 1442 813 1503 replebis
824 1457 860 1489 me
873 1439 1035 1504 jucunditale'
1030 1457 1052 1488 ιιι
1072 1451 1111 1490 tuo
1129 1459 1185 1490 con·

263 1510 291 1553 15
309 1507 363 1552 Non
375 1509 441 1561 enim,
459 1514 535 1553 utros
551 1505 689 1560 existimatis,
721 1513 804 1567 spectu.

224 1568 260 1617 isti
281 1570 334 1616 ebrii
354 1577 411 1625 sunt,
434 1587 502 1632 quum
524 1572 552 1616 sit
573 1572 628 1617 hora
646 1570 688 1616 diei
753 1575 784 1617 29
801 1569 851 1618 Vin
861 1569 947 1624 fratres,
964 1569 1015 1616 licet
1029 1565 1096 1616 liberie
1113 1571 1187 1616 dicere

225 1637 302 1681 tertia:
719 1635 778 1696 apud
788 1650 829 1680 vos
840 1634 867 1680 de
883 1631 1005 1694 patriarchi
1021 1633 1116 1688 Doride,
1133 1650 1186 1680 eum

260 1703 288 1745 16
306 1697 350 1745 Sed
360 1699 403 1744 hoc
412 1698 466 1744 illud
476 1707 510 1744 est
528 1699 588 1759 qnod
605 1699 689 1744 dictum
719 1704 742 1744 ct
753 1698 832 1744 obiisse
843 1703 865 1744 et
876 1697 985 1758 sepultum
1001 1713 1056 1751 esse,
1071 1705 1094 1744 et
1104 1713 1186 1744 monu-

224 1770 258 1810 ιιι
268 1779 308 1824 per
318 1764 446 1823 prophetam
458 1762 552 1816 Joiilem,
579 1785 588 1804 ·.
720 1768 820 1808 mentum
831 1763 878 1823 ejus
888 1777 937 1808 esse
948 1761 1005 1822 apud
1022 1777 1063 1807 nos
1076 1763 1109 1808 ad
1125 1763 1186 1808 hunc

258 1831 287 1873 17
305 1825 337 1872 Iit
345 1827 387 1872 erit
395 1827 477 1872 ultimis
485 1825 690 1888 temporibus(dicit
721 1840 791 1886 usque
801 1825 867 1871 diem.
1043 1866 1045 1874 ,

226 1888 302 1950 Deus)
320 1891 430 1936 effundam
449 1905 478 1936 ex
498 1891 580 1951 Spiritu
599 1905 650 1936 meo
667 1890 689 1934 in
752 1893 785 1935 50
802 1888 915 1950 Propheta
925 1889 992 1950 igitur
1002 1904 1070 1948 quum
1081 1895 1145 1942 esset,
1162 1897 1185 1936 ct

223 1956 325 2014 quamvis
346 1969 450 2000 carnem:
480 1961 504 2000 et
530 1955 690 2014 prophetabunt
721 1953 787 1998 sciret
799 1952 875 1998 Deum
881 1953 1024 2014 jurejurando
1036 1953 1076 1998 sibi
1088 1951 1184 2015 J'nrdsse,

224 2018 260 2063 lilii
274 2019 340 2063 vestri
351 2025 374 2062 et
384 2017 441 2063 filiae
452 2026 544 2069 vestrae,
560 2025 584 2063 et
595 2019 690 2078 juvenes
721 2016 769 2062 fore
780 2023 804 2062 ιιι
814 2031 844 2062 ex
854 2016 927 2062 fructu
944 2017 1011 2062 lumbi
1027 2017 1102 2076 ipsius,
1124 2018 1184 2076 quod

224 2082 291 2126 vestri
308 2082 403 2126 visiones
422 2082 532 2135 videbunt,
552 2089 574 2126 et
594 2081 690 2128 seniores
721 2081 749 2126 ad
767 2095 856 2126 carnem
877 2081 962 2133 attinet,
986 2079 1100 2127 Christum
1122 2080 1186 2126 illum

225 2145 291 2190 vestri
304 2145 390 2190 somnia
400 2145 546 2190 somniabunt
721 2145 843 2199 suscitaret,
854 2160 921 2206 quent
932 2144 1049 2190 collocaret
1060 2160 1126 2206 super
1136 2147 1184 2206 eJua
1196 2181 1203 2188 .

198 2245 207 2255 ,
258 2212 286 2252 18
305 2207 336 2253 Ει
347 2208 435 2268 quidem
447 2209 469 2254 in
485 2221 566 2254 'servos
585 2223 647 2254 meos
666 2216 689 2254 et
721 2209 815 2254 throno:

224 2272 246 2318 in
264 2271 354 2318 ancillas
375 2287 436 2318 mess
453 2272 477 2317 in
497 2272 572 2318 diebus
594 2273 636 2318 illis
654 2272 689 2318 ef·
752 2276 781 2318 51
803 2271 1033 2332 Praesciusloqnutus
1052 2280 1086 2318 est
1103 2272 1130 2317 de
1149 2287 1184 2318 reu

223 2336 315 2382 fundam
326 2351 355 2382 ex
368 2336 450 2398 Spiritu
462 2351 519 2390 meo
536 2347 559 2383 et
570 2338 688 2397 propheta
721 2339 857 2382 surrectione
880 2334 970 2390 Christi
993 2351 1038 2382 non
1057 2336 1183 2382 derelictam

223 2400 285 2447 bunt
720 2415 768 2446 esse
779 2401 837 2460 apud
847 2399 930 2445 inferos
938 2400 1033 2446 animans
1045 2401 1100 2473 ejus,
1111 2415 1183 2460 neque

258 2468 287 2511 19
304 2463 337 2510 Et
347 2458 411 2510 edarri
423 2463 545 2510 miracula
539 2463 631 2510 incoelo
638 2479 687 2509 sur·
720 2479 808 2509 carnem
819 2465 867 2525 ejus
878 2463 1150 2524 sensissecorruptionem.

223 2543 279 2581 sum,
291 2534 314 2574 et
325 2529 390 2602 signa
400 2529 422 2573 in
434 2535 493 2573 terra
508 2528 618 2580 deorsum,
636 2543 687 2573 san-
751 2531 783 2572 52
801 2526 871 2572 Hunc
882 2526 961 2575 Jesum
973 2527 1088 2573 suscitavit
1098 2526 1180 2574 Deus:

223 2591 322 2653 guinem,
331 2600 354 2636 et
365 2592 446 2652 ignem,
459 2599 481 2636 ct
494 2607 597 2651 νιροιιιιι
608 2590 670 2636 fumi.
719 2592 782 2652 cujus
792 2593 828 2636 rei
839 2605 917 2636 omnes
929 2605 969 2636 nos
981 2605 1056 2636 sumus
1065 2597 1140 2636 testes.

255 2658 287 2700 20
304 2655 343 2700 Sol
359 2656 517 2699 convertetur'
512 2669 534 2698 m
547 2655 653 2708 tenebras,
665 2663 688 2700 et
751 2659 783 2700 55
801 2653 879 2714 ltaque
889 2651 966 2700 dextri
979 2653 1023 2699 Dei
1036 2670 1122 2700 sursum
1131 2656 1181 2702 sub·

223 2717 276 2765 'tuna
296 2718 319 2762 in
339 2718 476 2778 sanguinem,
498 2717 625 2777 priusquam
647 2735 687 2765 re·
718 2717 950 2779 latusetpromrssum
962 2718 1067 2778 Spintum
1077 2719 1183 2766 Sanctum

223 2783 268 2828 uiat
280 2781 326 2827 dies
337 2781 373 2826 illc
385 2780 478 2826 Domini
488 2795 583 2841 magnus
591 2788 614 2827 et
625 2781 686 2829 illus·
718 2782 809 2842 ndeptus
819 2797 834 2828 a
845 2781 919 2835 Patre,
930 2781 1006 2827 effudit
1017 2783 1059 2828 hcc
1070 2783 1129 2843 quod
1143 2799 1183 2829 ros

222 2846 269 2891 tris.
718 2861 778 2892 nunc
789 2845 892 2906 spectatis
903 2853 926 2892 et
936 2847 1022 2892 auditis.

255 2913 283 2955 21
303 2907 335 2954 Ει
346 2907 444 2953 futurum
460 2918 501 2960 est,
519 2915 543 2953 ut
562 2923 687 2969 quicunque
750 2913 783 2954 54
800 2908 850 2954 Nec
866 2910 925 2955 enim
946 2909 1022 2955 David
1041 2909 1139 2956 ascendit
1157 2925 1180 2956 m

223 2973 359 3020 rnrocaverit
380 2987 461 3017 nomen
486 2972 587 3026 Domini,
611 2989 686 3020 serve·
718 2973 809 3020 coelos:
829 2973 868 3018 sed
878 2973 992 3034 dicitipse,
1012 2973 1079 3020 Dixit
1098 2973 1181 3019 Domi-

223 3045 265 3084 tur.
719 3052 761 3082 nus
771 3037 871 3082 Domino
883 3052 940 3092 meo,
960 3037 1018 3089 Sede
1037 3038 1065 3084 sd
1082 3038 1182 3084 dextram

254 3106 286 3148 22
302 3101 352 3148 Viri
372 3098 491 3154 Isra'e'litae,
512 3087 584 3147 audite
603 3115 687 3147 senno·
718 3115 797 3155 menn,

223 3181 262 3212 nes
273 3166 342 3211 istos
362 3164 441 3213 Jesum
452 3165 514 3210 illurn
534 3164 686 3220 Nazarenum,
750 3167 781 3210 55
801 3163 931 3224 Usquedum
961 3180 1055 3227 posuero
1080 3165 1182 3212 inimicos

224 3231 296 3276 sirum
306 3244 322 3275 s
338 3227 391 3274 Deo
407 3229 550 3289 approbatum
569 3230 627 3290 apud
647 3245 687 3276 vos
718 3234 769 3274 tuos
780 3229 897 3274 scabellum
908 3229 989 3288 pedum
1001 3240 1096 3274 tuorum.

223 3294 382 3354 praestantibus
403 3292 467 3338 sactis
488 3299 511 3338 et
532 3293 642 3338 miraculis
664 3300 687 3339 et
749 3296 781 3338 56
799 3289 868 3340 Certd
879 3293 1136 3353 sciatergototadcmus
1148 3291 1180 3339 ls

223 3357 294 3419 signis
304 3371 360 3416 quae
371 3356 438 3401 edidit
449 3371 488 3416 per
507 3371 558 3401 eum
579 3355 668 3402 Deus
663 3372 685 3402 ιιι
717 3355 788 3410 raelis,
805 3353 863 3415 qudd
881 3355 968 3402 Deus
963 3369 1022 3402 nunc
1039 3356 1115 3402 fecerit
1129 3356 1181 3402 Do·

221 3421 294 3467 medio
306 3419 380 3474 vestri,
392 3420 449 3465 sicut
459 3419 498 3464 et
493 3420 533 3480 rpsi
545 3417 629 3466 mistis·
717 3420 802 3464 minum
814 3426 836 3464 et
849 3417 970 3473 Christum,
982 3420 1057 3465 hunc'
1052 3435 1131 3481 rpsum,
1143 3435 1181 3467 ιιι-

254 3483 413 3538 25Ηιιιιο,“
402 3499 427 3530 ιιι
429 3498 505 3544 quam,
531 3481 621 3528 deiinrto
648 3484 700 3530 illo
717 3499 794 3542 quam,
806 3482 886 3529 Jesum
897 3497 963 3543 quem
974 3499 1016 3529 vos
1026 3483 1174 3530 crucifixistis.

222 3547 313 3594 consilio
330 3554 353 3592 et
368 3548 497 3608 praestituto
516 3545 562 3592 Dei
581 3546 685 3598 deditrrm,
749 3549 779 3592 57
798 3546 844 3599 Qui
856 3562 909 3592 vero
901 3544 974 3594 haec
984 3547 1101 3593 audierunt
1117 3563 1181 3594 corn·

223 3625 290 3684 quum
301 3611 447 3672 accepissetis,
459 3611 559 3656 manibus
575 3611 686 3658 sceleratis
717 3611 792 3670 puncti
803 3617 855 3656 sunt
866 3611 938 3666 corde,
950 3618 973 3657 et
983 3611 1087 3657 dixerunt
1097 3611 1126 3658 sd
1136 3610 1170 3658 I'e
1156 3627 1179 3658 e·

225 3688 285 3720 rrum
283 3673 405 3720 'affixum'
399 3675 555 3721 interemistis.
717 3681 776 3719 trum
787 3688 812 3719 ac
824 3675 919 3734 reliquos
929 3675 1049 3766 apostolos,
1066 3674 1128 3730 Quid
1147 3674 1179 3724 ιιι·

253 3739 284 3782 24
297 3735 380 3790 Quem
390 3737 591 3844 Delr13s4tuscitaut,
609 3738 687 3786 solutis
718 3738 807 3792 uentus,
820 3738 859 3784 siri
872 3737 971 3785 iratres'
