2756 4320
607 439 725 495 Luca,
738 439 813 488 XIII.

240 537 280 604 qud
292 537 348 602 bord
361 555 406 588 nou
416 540 504 603 putatis,
523 537 593 586 Filius
604 539 700 586 hominis
764 543 797 587 54
813 539 910 586 Dicebat
931 547 1004 586 autern
1026 541 1092 586 etiam
1115 541 1192 610 turbae,

238 606 317 652 veniet
735 603 811 656 Quum
824 603 921 650 videritis
932 604 1013 649 nubem
1023 604 1160 649 exorientem
1171 605 1195 650 at

268 673 297 714 41
316 667 488 715 Dixitantemei
498 665 585 720 Petrus,
593 665 701 720 Domine,
735 667 829 720 Occasu,
846 669 920 714 statim
937 667 1015 723 dicitis,
1033 665 1108 714 Imber
1122 668 1196 726 venit:

237 733 300 780 nobis
310 733 364 782 dicis
375 733 438 778 istam
450 731 582 794 parabolem,
597 745 626 776 an
634 732 701 776 etiam
734 740 758 778 et
768 732 799 778 ita
809 731 848 777 fit:

236 795 355 842 omnibus?
767 798 799 842 55
816 795 848 841 Et
859 810 926 856 quum
938 801 1037 841 austrum
1048 793 1146 849 flantem,
1163 795 1195 841 di·

268 859 473 912 mussitantem
490 856 610 912 Dominus.
629 857 701 911 Quis·
734 859 790 913 citis,
802 857 887 905 Aestus
897 859 954 915 erit3
970 867 993 904 et
1004 857 1121 905 iitoestas.

236 939 287 970 nam
300 923 399 970 estfidus
411 923 583 984 dispensatorac
598 922 701 982 prudens,
766 926 798 970 56
815 922 962 983 Hypocritae,
983 921 1062 968 faeiem
1085 929 1156 969 terrae
1174 929 1196 969 et

235 1003 302 1050 quem
323 987 428 1034 dominus
450 986 570 1032 constituet
586 1000 652 1047 supra
667 985 700 1030 fa·
734 987 789 1032 coeli
811 985 880 1032 ndstls
902 986 1032 1047 explorare:
1058 986 1102 1032 hoc
1123 994 1196 1034 autern

237 1051 353 1106 mulitium,
370 1057 395 1096 ut
406 1059 505 1112 tempore
516 1049 652 1114 praestituto¹
664 1049 701 1095 det
734 1059 821 1112 tempus
831 1051 869 1110 qui
879 1049 905 1096 fit
915 1057 940 1096 ut
951 1065 996 1096 non
1007 1049 1145 1111 exploretis²

238 1114 386 1162 demensum?
766 1118 796 1162 57
816 1112 863 1160 Cur
874 1121 1022 1174 autemetper
1033 1113 1142 1175 vosipsos
1151 1129 1197 1162 nest

269 1183 301 1224 4³
318 1177 403 1226 Beatus
411 1193 488 1224 servus
495 1177 539 1229 itte,
548 1192 620 1238 quem,
632 1192 700 1236 quum
733 1177 856 1224 discernitis
866 1178 926 1238 quod
937 1179 1019 1222 'ustum
1031 1177 1081 1223 cst?

238 1243 322 1289 merit
332 1242 440 1296 dominus.
457 1242 566 1288 invenerit
576 1241 699 1286 itafacien·
765 1245 796 1289 58
814 1241 937 1288 Enimvero
958 1242 1011 1286 dum
1028 1241 1073 1287 abis
1089 1257 1140 1286 cunr
1156 1241 1197 1288 sd-

236 1311 295 1352 tem:
732 1305 829 1352 versario
840 1313 880 1350 tuo
890 1305 918 1352 ad
929 1305 1090 1366 magistratum,
1104 1305 1132 1350 da
1142 1320 1195 1366 ope-

269 1373 301 1414 44
317 1364 379 1415 Vere
392 1369 440 1415 dioc·
457 1369 527 1423 vobis,
544 1383 610 1429 supra
626 1367 701 1414 omnia
732 1385 779 1416 ram
790 1369 812 1416 in
823 1367 860 1416 vit
871 1376 896 1414 ut
905 1369 1002 1415 libereris
1013 1369 1040 1414 ab
1050 1384 1091 1424 eo;
1109 1383 1196 1429 neper-

236 1448 292 1494 quae
303 1434 342 1480 srbi
354 1438 473 1493 suppetunt
482 1431 594 1493 praeficiet
608 1447 666 1477 eum.
731 1435 804 1480 trahat
814 1441 836 1480 te
849 1433 878 1479 ud
883 1433 988 1495 judicem,
1005 1440 1028 1479 et
1039 1432 1111 1494 judex
1126 1433 1196 1480 tradat

268 1499 299 1543 45
317 1493 384 1550 Quod
401 1496 419 1541 si
435 1496 516 1542 dixerit
531 1511 608 1542 servus
624 1495 660 1540 ille
677 1495 700 1540 in
731 1503 754 1542 tc
764 1497 868 1553 exactori,
885 1504 908 1544 et
923 1504 1014 1543 exactor
1028 1497 1163 1558 conjiciatte
1173 1497 1197 1542 in

237 1561 303 1606 corde
313 1575 361 1614 suo,
378 1559 462 1605 Tardat
473 1559 575 1605 domrrms
585 1574 649 1604 meus
660 1559 698 1604 ad-
730 1576 849 1608 carcerem.

236 1630 341 1680 ventum3
353 1623 492 1684 coeperitque
501 1623 615 1670 verberare
623 1637 700 1668 servos
764 1627 796 1672 59
813 1624 874 1671 Dico
886 1624 930 1679 tibi,
942 1638 988 1669 non
999 1624 1068 1670 exibis
1079 1623 1145 1678 illinc,
1158 1638 1193 1669 us·

236 1696 259 1734 et
269 1688 365 1742 ancillas,
382 1694 405 1733 et
415 1687 486 1742 edere,
502 1694 526 1733 et
535 1687 614 1741 bibere,
631 1693 654 1732 et
664 1686 699 1732 in·
732 1704 819 1749 quequo
831 1689 932 1734 ultimum
944 1689 1010 1734 etiam
1021 1689 1132 1733 minutum
1145 1688 1195 1734 red·

236 1753 329 1808 ebrIari3
732 1753 820 1799 dideris.

268 1820 300 1862 46
318 1815 400 1862 Veniet
409 1814 512 1861 dominus
525 1814 582 1861 servi
599 1813 656 1860 illius
672 1829 699 1860 eo

237 1880 271 1926 die
290 1896 334 1940 quo
353 1894 398 1926 non
417 1885 536 1942 exspectat,
563 1885 587 1924 et
612 1875 639 1924 eb
658 1879 699 1923 ho-
878 1877 952 1928 CAP.
975 1875 1054 1925 xm:

237 1939 261 1989 τὲ
285 1959 350 2005 quam
376 1959 421 1990 non
446 1944 515 1997 novit,
543 1949 566 1988 et
592 1942 700 2002 separabit
799 1941 996 1990 DFUERUNT
1013 1950 1087 1990 autem
1103 1959 1131 1990 eo
1146 1943 1195 2004 ipsc

236 2023 293 2062 cum,
306 2015 433 2070 partemque
442 2022 493 2053 cunr
501 2005 619 2054 incredulis
626 2008 645 2051 ei
654 2015 698 2051 sta·
824 2014 924 2068 tempore
937 2008 1025 2069 quidem
1037 2007 1196 2054 annunciantes

236 2078 290 2117 tuet.
731 2072 751 2116 ei
771 2069 798 2116 de
819 2071 931 2127 Galilaeis,
951 2087 1044 2132 quorum
1064 2072 1195 2132 sanguinem

268 2137 299 2182 47
316 2133 358 2179 Ille
369 2139 443 2180 autem
454 2148 531 2180 servus
539 2132 576 2194 qui
585 2132 648 2178 novit
656 2149 697 2178 vo-
733 2131 818 2181 Pilatus
829 2135 947 2182 miscuerat
958 2151 1008 2182 curn
1020 2136 1118 2196 ipsorum
1127 2135 1195 2181 sacri·

216 2247 222 2254 ,
235 2199 342 2244 luntatem
352 2197 433 2243 domini
443 2198 483 2252 sui,
494 2205 518 2244 et
525 2212 597 2258 neque
604 2212 627 2244 so
636 2212 697 2242 com·
730 2195 792 2244 ficiis.

235 2263 326 2324 paravit,
342 2276 414 2321 neque
423 2260 477 2308 fecit
485 2276 514 2308 ex
521 2261 569 2324 ejus
577 2261 697 2316 voluntate,
763 2265 778 2306 2
795 2261 828 2308 Et
844 2263 980 2324 respondens
995 2261 1063 2310 Jesus
1080 2263 1135 2308 dixit
1155 2263 1194 2313 eia

235 2327 338 2372 caedetur
348 2325 423 2372 multis
430 2327 526 2386 plagas.-
731 2323 819 2372 Putatis
835 2327 877 2374 hos
896 2327 1008 2374 Galilaeos
1026 2342 1079 2388 prae
1093 2327 1195 2372 omnibus

266 2395 298 2435 48
316 2390 361 2443 Qui
381 2388 434 2436 verd
453 2405 498 2436 non
516 2389 585 2443 novit,
604 2395 628 2434 et
645 2387 699 2435 feeit
731 2389 837 2436 Galilaeis
847 2398 974 2452 peccatores
984 2390 1059 2446 fuisse,
1074 2387 1133 2452 qudd
1144 2391 1194 2437 talia

234 2455 302 2515 digna
312 2455 389 2516 plagis,
406 2454 510 2500 caedetur
522 2454 601 2513 plagis
615 2453 698 2514 paucis.
728 2454 786 2516 passi
798 2454 860 2501 sint?

236 2517 314 2572 Porro,
326 2519 449 2578 cuicunque
460 2518 555 2563 multum
564 2517 639 2562 datum
647 2515 697 2562 fue·
761 2517 948 2579 3Nequaquam‚
971 2518 1020 2564 dieo
1036 2518 1115 2564 vobis:
1140 2517 1186 2565 imo

235 2583 269 2636 rit,
284 2582 378 2627 multum
390 2581 590 2642 repeteturabeo;
607 2580 698 2640 etapud
729 2580 771 2627 nisi
788 2581 926 2644 resipiscatis,
949 2598 1026 2629 omnes
1042 2583 1118 2628 itidem
1133 2583 1193 2644 peri-

234 2661 298 2704 quem
310 2645 433 2706 depositum
450 2644 516 2690 suerit
531 2643 631 2698 multum,
649 2659 696 2689 am·
727 2645 786 2691 bitis.

233 2709 290 2770 ptius
301 2714 427 2768 reposcetur
438 2708 465 2753 ab
475 2723 509 2753 eo.
759 2712 776 2756 4
792 2709 841 2756 Aut
860 2709 890 2756 illi
910 2710 986 2757 decem
1005 2715 1029 2756 et
1047 2717 1105 2764 octo,
1127 2725 1192 2772 supra

264 2776 296 2819 49
313 2770 394 2832 Ignem
401 2772 453 2816 veni
461 2771 568 2816 missurus
574 2769 597 2816 in
605 2777 701 2831 terrama„
727 2787 783 2834 quos
794 2775 873 2821 cecidit
883 2775 949 2820 turris
960 2774 983 2820 in
996 2774 1086 2828 Siloam,
1103 2781 1126 2820 et
1137 2790 1192 2835 quoe

233 2843 255 2881 et
266 2835 317 2895 quid
328 2834 386 2888 volo,
399 2834 472 2895 siJam
483 2849 589 2880 accensus
599 2834 653 2880 est?
727 2838 851 2892 trucidavit,
884 2838 966 2899 putatis
990 2839 1098 2884 debitores
1125 2837 1193 2885 fuisse

264 2903 296 2946 50
314 2899 358 2945 Sed
368 2899 476 2959 baptismo
487 2903 574 2959 oportet
590 2913 626 2944 me
642 2899 695 2959 bap·
743 2915 779 2946 rae
796 2903 898 2948 omnibus
914 2903 1038 2948 horninibus
1054 2903 1092 2963 qui
1108 2902 1191 2948 habita-

233 2963 311 3010 tizari:
331 2970 353 3009 et
364 2963 476 3023 quomodo
492 2961 639 3024 constringor,
657 2979 695 3009 us·
770 2971 779 3010 t
791 2961 976 3026 Hierosolymis?

233 3025 521 3090 quequobocperficiatur!
759 3031 774 3075 5
792 3028 945 3090 Nequaquam,
965 3029 1014 3075 dico
1033 3029 1109 3076 vobis:
1135 3026 1191 3083 imo,

265 3097 293 3140 51
312 3091 399 3140 Putatis
407 3106 443 3137 me
450 3091 565 3137 advenisse
572 3105 647 3152 pacem
656 3090 695 3136 da·
721 3091 769 3138 nisi
781 3093 919 3155 resipiscatis,
933 3109 1011 3140 omnes
1023 3093 1122 3141 similiter
1132 3094 1190 3155 pen'·

232 3164 306 3203 rurum
317 3157 340 3203 in
352 3153 429 3203 teret?
445 3171 498 3211 non,
509 3155 558 3202 dico
568 3155 637 3209 vobis,
648 3151 694 3202 imo
727 3155 784 3202 citis.

233 3221 353 3267 dissidium.
759 3224 775 3267 6
791 3219 858 3267 Dixit
878 3227 952 3267 sutem
970 3221 1029 3267 hanc
1046 3219 1188 3281 parabolam:

264 3287 295 3331 52
312 3283 387 3330 Erunt
405 3283 464 3328 enirn
486 3297 515 3328 ex
536 3282 579 3328 boc
597 3290 697 3342 tempore
730 3281 806 3330 Ficum
818 3285 909 3330 habebat
925 3285 1013 3345 quidam
1029 3284 1150 3344 plantatam
1167 3286 1189 3331 in

232 3347 328 3408 quinque
349 3348 372 3392 in
394 3362 439 3392 una
465 3346 531 3392 domo
558 3346 695 3401 dissidentes,
725 3345 852 3404 vinedsub;
869 3347 1190 3410 etvenitquaerenssructum

232 3421 276 3457 tres
290 3407 395 3458 adversds
412 3411 474 3464 duos,
491 3416 513 3456 et
530 3409 574 3455 duo
590 3408 695 3456 adversius
725 3411 748 3457 in
759 3409 791 3465 ed,
804 3427 875 3471 neque
886 3412 978 3458 invenit.

231 3483 283 3521 tres.
758 3477 772 3522 7
789 3474 856 3521 Dixit
867 3482 941 3522 autem
952 3473 1048 3529 vinitori,
1061 3473 1130 3528 Ecca
1138 3489 1189 3520 snm

264 3542 296 3584 55
311 3532 694 3599 DissIdebitpateradversdsfilium,
724 3544 769 3584 tres
781 3548 833 3584 sunt
843 3555 869 3585 ee
878 3555 923 3600 quo
934 3540 1000 3586 venio
1011 3554 1118 3599 quaerens
1129 3537 1188 3584 fruc·

231 3609 253 3647 et
269 3601 325 3646 filius
341 3599 447 3648 adversius
456 3607 540 3662 patrem
547 3617 555 3656 ;
574 3607 645 3646 mater
656 3601 694 3646 ad·
724 3609 771 3648 tum
783 3602 806 3648 in
817 3601 860 3648 ficu
869 3601 917 3657 istd,
934 3611 957 3650 et
968 3619 1014 3650 non
1025 3603 1129 3649 invenio:
1148 3617 1189 3648 ex-

233 3661 308 3709 sersus
314 3663 388 3714 filiam.
397 3672 420 3710 et
426 3664 470 3712 fitis
476 3660 695 3722 adrersdsrnatrem3
723 3665 799 3712 scinde
815 3681 880 3722 eam;
903 3682 1008 3726 quorsum
1025 3668 1092 3714 etiam
1109 3672 1189 3714 terram

235 3742 307 3772 morus
315 3724 421 3773 sdversds
428 3742 508 3773 nurum
517 3743 585 3776 suam.
595 3734 618 3772 et
626 3743 695 3773 nurus
723 3727 823 3774 inutilem
835 3729 926 3776 reddit?

235 3786 335 3837 adversus
347 3804 434 3846 socrum
446 3805 515 3892 suaa.
755 3796 770 3836 8
789 3790 830 3838 llle
854 3790 906 3838 verd
928 3793 1063 3856 respondens
1084 3793 1141 3840 nsit
1160 3797 1204 3846 d..
