2734 4314
526 529 530 540 1
598 461 715 519 LUCA,
738 461 790 510 lX.'

142 567 146 580 ’
215 567 592 630 dtuulreaquaeinuurbraviteos:
611 566 680 612 timu·
712 567 810 638 excipit3
828 568 993 630 etquicunque
1009 583 1046 616 rue
1061 576 1176 632 exceperit

213 643 278 684 aaut
298 643 372 679 autern
393 633 446 680 dum
465 632 495 678 illi
513 631 681 694 ingrederentur
712 631 794 692 excipit
808 647 860 678 eum
876 633 914 692 qui
930 647 967 678 me
983 633 1055 679 misit:
1075 647 1126 679 nam
1143 649 1178 693 qis

212 695 233 742 in
246 699 334 744 nubam.
713 695 818 740 minimus
828 702 863 741 est
874 696 931 742 iuter
942 712 989 750 vos,
1002 697 1020 743 is
1028 697 1070 742 erit
1078 712 1174 758 magnus

243 765 276 809 55
293 759 325 806 Et
337 775 381 808 vox
392 759 477 806 exstitit
487 774 501 806 e
516 759 581 813 nube,
598 758 680 814 dicens,
745 762 777 806 49
794 758 942 821 Respondent
953 769 1026 806 autem
1035 760 1135 808 Joannes
1144 762 1179 814 ait

215 825 262 872 Hic
272 832 307 872 est
319 824 389 872 mnus
400 824 437 870 ille
448 839 517 878 nicus,
526 823 619 870 dilectus
627 823 677 869 ille:
714 821 832 884 Magister,
848 824 944 870 vidimus
959 824 1068 884 quendam
1083 825 1124 870 sub
1139 840 1180 870 uo-

215 897 284 947 tpmm
296 890 377 935 audite.
713 888 772 932 mine
784 895 822 932 tuo
830 887 953 950 eJieientern
965 888 1086 943 daemonia,
1097 895 1121 934 et
1128 904 1180 950 pro·

245 959 277 1000 56
290 953 323 999 Et
330 961 446 1014 postquam
456 967 501 998 vox
509 951 546 998 illa
552 951 679 1005 exstitisset,
713 951 823 998 bibuinrus
841 967 899 1006 eum,
915 952 967 1013 quia
982 961 1004 998 te
1020 967 1065 998 non
1083 953 1181 1014 sequittn

215 1025 317 1065 tarentus
328 1022 362 1064 est
372 1016 440 1065 ,lesus
452 1017 519 1062 solus.
553 1013 680 1077 lpsiautem
714 1015 835 1061 nobiscum.

216 1082 327 1136 siluerunt,
339 1088 362 1126 et
379 1079 432 1126 nulli
449 1077 588 1129 declardrunt
604 1095 643 1142 per
659 1079 682 1124 id
747 1083 779 1124 50
795 1079 828 1125 Et
838 1079 893 1125 dixit
904 1079 924 1125 ei
936 1078 1009 1134 Jesus,
1023 1079 1060 1126 Ne
1068 1081 1182 1141 prohibete

217 1143 681 1208 tempusquicquamcorunrquaeviderant.
714 1143 792 1189 illam:
812 1143 849 1203 qui
869 1144 928 1190 enim
948 1152 1045 1191 nonest
1063 1142 1181 1192 adversum

245 1214 277 1258 57
294 1209 414 1270 tFacrum
436 1216 470 1254 est
486 1216 560 1254 autem
577 1214 683 1268 sequente
715 1222 763 1260 nos,
775 1223 815 1268 pro
827 1208 890 1253 nobis
901 1215 942 1254 est

216 1275 256 1329 die,
284 1284 309 1320 ut
330 1289 398 1334 quum
421 1273 461 1334 ipsi
483 1271 648 1318 descendissent
669 1287 682 1317 e
747 1275 775 1317 51
797 1270 890 1317 Factum
901 1279 935 1318 est
943 1279 1025 1327 autem,
1033 1271 1181 1320 iuterimdtm

215 1345 296 1392 monte,
308 1344 433 1383 occurreret
444 1336 464 1381 ei
477 1337 540 1382 turba
550 1335 627 1381 multa.

245 1406 277 1447 58
295 1401 327 1447 Et
338 1416 396 1454 ecce,
408 1400 496 1460 quidam
508 1416 521 1445 e
533 1401 596 1446 turba
606 1399 681 1444 excla-

215 1467 289 1519 aravit,
301 1465 382 1518 dicens,
394 1463 534 1524 Praeceptor,
543 1479 598 1524 rogo
608 1471 636 1516 te,
647 1479 682 1508 re·

216 1531 276 1591 spice
286 1529 314 1574 ad
325 1527 393 1574 lilium
405 1542 486 1580 meum,
496 1542 547 1572 nam
555 1528 683 1588 unigenitus

214 1603 247 1640 est
259 1593 325 1638 milri:

245 1662 278 1704 59
295 1656 327 1703 Et
343 1671 401 1710 eece,
419 1655 508 1717 spiritus
525 1655 600 1716 arripit
616 1671 682 1711 eum;

214 1729 237 1768 et
248 1723 293 1783 ipsi
304 1716 394 1782 repente
405 1721 493 1773 clamat,
502 1728 525 1766 et
532 1721 627 1779 spiritus
636 1719 681 1765 dis·

215 1787 285 1847 eerpit
295 1801 347 1832 cum
358 1791 504 1846 spumantem,
516 1791 539 1830 et
556 1785 594 1830 vix
610 1783 681 1830 disce·

215 1851 246 1896 dit
257 1851 283 1896 ab
294 1865 328 1902 eo,
340 1857 458 1895 conterens
468 1864 526 1896 eum.

248 1919 281 1960 40
298 1913 330 1960 Et
352 1913 481 1975 deprecatus
498 1927 547 1958 sum
564 1912 682 1973 discipulos

216 1989 266 2024 tuos
277 1984 302 2022 ut
312 1978 384 2039 ipsura
396 1979 500 2038 ejicerent
505 1993 512 2034 3
531 1977 569 2022 scd
581 1991 625 2021 non
641 1992 681 2037 po·

216 2049 313 2088 luerunt.

247 2108 276 2150 41
296 2105 444 2164 Respondeas
466 2112 539 2149 nutem
561 2102 629 2150 Jcsus
646 2104 682 2158 ait,

198 2167 238 2215 ‘0
255 2169 315 2215 natio
332 2168 444 2213 incredula
460 2175 483 2213 et
498 2181 608 2228 perversa,
626 2183 682 2228 quo·

216 2248 285 2293 usque
297 2232 384 2278 tandem
397 2247 435 2278 ero
447 2231 504 2293 apud
521 2247 568 2286 vos,
586 2238 609 2277 et
625 2233 682 2278 tole-

215 2299 266 2344 rabo
279 2297 336 2342 rosi
352 2297 434 2342 Adduc
445 2295 514 2342 lilium
526 2302 589 2342 tuum
600 2297 651 2341 buc.

247 2366 279 2406 42
296 2361 373 2415 Quum
385 2369 458 2406 autem
475 2361 546 2406 adhuc
563 2361 683 2415 accederet,

216 2427 281 2472 allisit
292 2441 343 2472 eum
355 2425 502 2479 daemonium,
513 2432 537 2471 et
553 2425 680 2486 discerpsit:

215 2490 339 2552 objurgavit
350 2497 423 2535 autem
440 2488 507 2537 Jesus
523 2489 624 2550 spiritum
641 2489 684 2534 irn-

215 2568 301 2616 purum,
312 2563 335 2598 et
346 2554 432 2602 sanarit
447 2568 554 2614 puerum3
571 2559 595 2598 et
610 2553 683 2599 reddi·

217 2619 249 2662 dit
259 2633 310 2662 eum
321 2617 377 2676 patri
389 2632 437 2662 suo.

249 2684 281 2724 43
294 2680 473 2726 Percellebantur
481 2679 548 2739 igitur
558 2693 635 2724 omnes
645 2695 682 2724 su-

217 2760 256 2804 per
267 2740 385 2803 magnificia
397 2743 442 2788 Dei
454 2743 542 2788 virtute.
576 2743 682 2803 10ωηί-

217 2807 257 2853 bus
279 2804 332 2851 rerd
354 2806 483 2852 mirantibus
499 2821 565 2867 super
582 2807 684 2853 omnibus

215 2887 270 2932 quac
281 2870 379 2925 faciebat,
391 2871 446 2916 dixit
457 2870 568 2931 discipulis
579 2872 635 2917 suis:

247 2940 279 2980 44
296 2935 407 2996 Reponite
419 2951 459 2981 vos
475 2934 498 2980 iu
518 2949 583 2982 aures
598 2943 685 2982 vestras

216 3015 329 3049 sermones
341 3000 408 3046 istos:
428 2999 527 3045 futurum
539 3007 572 3046 est
584 3001 649 3049 enim.
661 3007 685 3045 ut

217 3064 287 3110 Filius
298 3065 393 3110 bominis
405 3065 503 3110 tradatur
514 3063 536 3110 in
548 3079 626 3110 manus
642 3065 683 3110 ho·

216 3130 308 3175 urinum.

247 3197 279 3240 45
305 3192 350 3254 Ipsi
374 3191 426 3239 verri
448 3193 580 3255 ignorabant
601 3192 684 3238 dictum

216 3258 281 3310 raud,
292 3265 383 3318 eratque
394 3257 446 3319 ipsis
457 3257 576 3310 occultum,
588 3253 643 3302 oded
660 3264 685 3301 ut

216 3319 270 3368 iilud
280 3337 325 3366 non
337 3322 457 3368 sentirent:
477 3329 499 3366 et
510 3321 617 3366 timebant
632 3335 683 3366 eum

217 3385 354 3446 interrogare
365 3385 392 3431 de
403 3386 445 3430 hoc
456 3384 522 3430 dicto.

247 3453 279 3494 46
296 3451 310 3509 1
323 3448 404 3494 Incidit
414 3456 488 3495 autem
503 3447 632 3508 disceptatio
648 3446 683 3493 in·

218 3519 305 3566 tereos,
317 3513 366 3572 quis
377 3522 436 3558 esset
446 3526 523 3560 eorum
535 3512 652 3558 maximus.

248 3579 278 3620 47
295 3575 363 3623 Jesus
374 3574 427 3623 verd
435 3574 482 3622 visit
490 3575 626 3637 cogitatione
632 3591 682 3620 cor·

218 3639 252 3687 tis
261 3639 365 3700 ipsorum,
377 3647 492 3702 acceptum
504 3639 620 3701 puerulum
637 3653 682 3686 sta-

218 3703 259 3748 ruit
269 3703 328 3763 apud
338 3718 376 3757 se,
668 3715 670 3718 ·

248 3769 280 3810 48
297 3764 329 3810 Et
336 3766 391 3810 dixi:
401 3766 438 3819 eis,
447 3766 580 3825 Quicunque
589 3781 682 3827 excepe-

220 3833 245 3878 rit
256 3829 372 3890 puerultm
389 3830 448 3873 burc
464 3829 554 3874 nomine
571 3844 629 3884 meo,
646 3845 683 3876 ure

714 1335 862 1396 compleretur
877 1343 964 1398 tempus
980 1352 1024 1396 quo
1041 1351 1129 1382 sursum
1146 1351 1182 1383 re·

714 1399 829 1459 ciperetur,
850 1408 897 1445 turn
913 1401 960 1462 ipse
976 1401 1054 1446 taciem
1069 1415 1131 1446 suam
1147 1401 1181 1446 di·
1245 1454 1247 1460 y

715 1463 772 1508 rexit
783 1463 810 1509 ad
821 1464 918 1510 eundum
931 1463 1126 1524 Hierosolymam:

747 1532 779 1572 52
796 1527 905 1589 lllisitque
924 1529 1017 1574 nuncios
1033 1537 1084 1574 ante
1100 1529 1180 1575 faeiem

715 1606 793 1636 suain:
813 1593 850 1652 qui
870 1591 968 1652 proiecti,
985 1593 1080 1654 ingressi
1093 1594 1181 1640 suntin

715 1656 788 1701 vicum
801 1656 996 1712 Samaritanorum,
1009 1666 1033 1702 ut
1043 1665 1146 1718 pararent
1161 1673 1181 1704 er

713 1721 843 1778 hospitium.

746 1786 778 1830 53
796 1784 840 1830 Sed
857 1785 894 1830 iili
911 1799 957 1830 non
977 1791 1106 1846 receperunt
1123 1800 1181 1838 eum,

714 1845 774 1907 quaa
794 1848 862 1894 iacies
883 1849 931 1910 ejus
947 1856 1005 1895 esset
1023 1849 1182 1910 proficiscentis

717 1911 906 1972 Hierosolymam.

747 1980 779 2022 54
796 1976 873 2030 Quum
885 1984 959 2022 autem
970 1977 1012 2022 boc
1022 1977 1180 2038 vidissentejur

715 2040 813 2100 discipuli
834 2039 930 2088 Jacobus
950 2050 973 2086 et
991 2041 1097 2094 Joarrnes.
1117 2042 1179 2087 dixe-

715 2112 773 2157 runt,
789 2103 894 2159 Domine,
911 2105 944 2150 ris
964 2105 1061 2150 dicamus
1079 2112 1104 2150 ut
1122 2105 1181 2166 ignis

715 2169 833 2214 descendat
850 2184 862 2214 e
879 2169 947 2222 coelo,
964 2176 986 2214 et
1003 2177 1119 2214 consumat
1134 2185 1181 2224 eos,

715 2241 740 2277 ut
751 2233 816 2277 ctiam
830 2231 892 2278 Elias
903 2232 975 2278 iecit?

748 2301 778 2342 55
797 2295 841 2343 Sed
850 2312 971 2343 conversus
980 2295 1046 2344 Jesus
1056 2298 1178 2358 objurgavit

715 2377 760 2414 eos,
781 2360 862 2414 dicens,
884 2361 982 2407 Nescitis
1001 2362 1071 2422 qualis
1091 2363 1181 2422 spiritris

716 2441 756 2471 vos
768 2425 822 2470 sitis.

748 2492 779 2534 56
797 2488 866 2534 Filius
878 2487 937 2534 enim
952 2487 1048 2533 bominis
1063 2504 1107 2533 non
1120 2489 1181 2534 venit

715 2560 740 2597 ut
757 2552 857 2613 perderet
874 2553 958 2600 animas
972 2554 1093 2606 hominum,
1105 2553 1144 2597 sed
1156 2562 1181 2598 ut
1261 2563 1268 2570 ·

715 2624 820 2662 servaret.
854 2618 963 2663 Abierant
983 2618 1050 2678 igitur
1072 2617 1093 2662 in
1114 2617 1181 2662 aliurn

715 2695 796 2726 rreum.

747 2747 777 2790 57
795 2747 810 2803 1
824 2743 917 2790 Factum
935 2752 969 2790 est
982 2752 1055 2790 auteur
1072 2752 1096 2790 ut
1112 2744 1180 2804 proli-

715 2808 846 2854 ciseentibus
862 2809 920 2869 ipsis,
938 2809 1027 2868 quidam
1044 2809 1066 2853 in
1079 2806 1114 2854 viai
1130 2809 1180 2854 dix·

715 2872 757 2917 erit
778 2873 805 2925 ei,
827 2872 911 2933 Sequar
929 2879 951 2918 te
973 2888 1104 2933 quocunque
1123 2873 1180 2926 ieris,

716 2935 823 2982 Domine.

748 3003 779 3046 58
798 2999 864 3047 Dixit
878 3009 952 3046 autern
966 3000 985 3046 ei
1003 2999 1077 3053 Jesus,
1095 2997 1181 3061 Vulpes

715 3064 796 3110 habent
807 3064 881 3118 lustra,
893 3073 915 3110 et
927 3065 1028 3110 volueres
1039 3064 1094 3110 coeli
1106 3065 1181 3109 nidos:

717 3127 787 3174 Filius
800 3136 874 3174 autem
889 3129 984 3174 hominis
1001 3144 1046 3174 non
1065 3129 1130 3174 habet
1144 3129 1181 3174 ubi

716 3201 781 3254 caput
792 3193 890 3238 reclinet.

748 3261 780 3303 59
797 3254 864 3301 Dixit
875 3253 928 3302 verri
939 3257 966 3302 ad
977 3255 1043 3302 ulium
1058 3258 1181 3316 quendam,

717 3320 814 3380 Sequere
825 3336 868 3365 me.
903 3320 936 3366 At
951 3321 1060 3374 illedixit,
1073 3319 1181 3374 Domine,

715 3385 818 3445 permitte
829 3385 882 3430 milri
897 3392 922 3430 ut
936 3381 996 3444 priris
1011 3385 1094 3438 abeam
1105 3399 1131 3429 ac
1145 3399 1181 3430 ac·

715 3449 793 3508 pellam
805 3457 890 3508 patrem
901 3463 983 3494 meurn.

748 3517 779 3557 60
797 3513 863 3558 Dixit
879 3522 953 3558 autem
969 3512 989 3557 ei
1004 3511 1078 3565 Jesns,
1095 3511 1182 3556 Sinem

715 3577 796 3622 mortui
814 3576 920 3637 sepeliant
942 3585 1041 3620 mortuos
1064 3590 1131 3620 suos:
1157 3583 1181 3620 tu

715 3637 768 3685 veni
779 3639 892 3701 proiectus
899 3641 1010 3685 annuncia
1022 3654 1116 3700 regnum
1126 3638 1179 3686 Der.

747 3707 776 3750 61
795 3703 861 3748 Dixit
869 3711 942 3750 autem
951 3703 1018 3748 etiam
1026 3703 1088 3754 alius,
1098 3703 1178 3762 Senum

715 3774 744 3819 te,
758 3766 872 3823 Domiue3
890 3767 929 3813 aed
941 3767 1043 3828 permitte
1051 3764 1104 3812 mibi
1112 3764 1176 3827 priris

716 3839 741 3876 ut
752 3831 871 3877 valedicam
883 3831 909 3877 iis
920 3831 956 3891 qui
969 3838 1021 3876 sunt
1032 3829 1092 3875 dorni
1103 3845 1173 3876 aneae.
