2734 4314
608 393 719 460 nuos
740 393 792 444 rx,
853 381 858 390 ‘

238 497 270 541 37
288 493 321 541 Et
331 492 420 554 rogavit
430 508 481 538 eum
493 499 540 538 tota
555 491 672 537 mubtudo
705 491 801 538 Mortuo
818 507 852 538 est
870 492 913 539 tilia
930 503 981 552 tua;
1005 509 1034 541 ne
1050 509 1107 542 vexa
1124 511 1165 544 tua

214 559 382 621 sircumJacentis
415 557 512 618 regionis
541 556 672 602 Gadareno-
705 555 808 616 gistrum.
1241 613 1244 618 .

209 639 263 676 ruo,
276 631 300 669 ut
311 622 432 668 discederet
443 622 470 666 ab
478 620 536 682 ipsis,
548 619 600 680 quia
608 634 672 680 mag·
739 623 771 666 50
786 618 1071 670 Jesusuutcmlrocaudito.
1081 637 1160 684 respon

209 703 237 734 no
257 688 336 732 timore
355 687 501 732 tenebantur:
532 683 579 744 ipse
598 691 673 729 auteur
707 684 738 728 dit
746 685 773 738 ei,
787 684 824 730 Ne
836 695 927 742 metuc;
949 686 1014 731 crede
1025 686 1170 741 solummodo

215 766 322 813 ugressus
334 750 447 811 nurigium
460 753 561 794 re'versus
572 755 613 793 est
706 757 729 793 et
740 749 869 794 servabitur.

239 819 270 861 38
288 815 389 876 Rogavit
403 822 477 860 autem
494 828 546 858 eum
560 812 594 858 vir
609 811 675 858 illea
739 816 766 858 51
789 810 908 873 Irgressus
928 809 983 858 verd
1004 812 1101 868 donum,
1129 829 1172 860 uon

208 880 252 941 quo
263 879 380 926 daemonia
390 879 495 930 exierant,
514 883 538 922 ut
552 882 611 922 esset
622 891 673 922 cum
707 876 806 938 permisit
817 875 903 937 ingredi
919 891 1051 936 quenquam,
1069 879 1111 924 nisi
1129 877 1173 924 Pe·

207 957 250 992 eos
272 943 404 990 seddimisit
414 957 466 990 eum
476 940 551 994 Jesus,
563 940 645 993 dicens,
707 947 773 993 trum,
784 947 808 986 et
818 939 1092 997 Jacobum,etJoauuern,
1103 953 1172 1004 etpaf

239 1013 272 1056 59
288 1007 412 1053 lterertere
421 1007 673 1058 domurntuarn,etnnr·
707 1011 763 1050 trem
775 1019 800 1050 ac
811 1012 904 1051 matrem
914 1004 1006 1066 puellae.

209 1070 365 1134 raquuntatibi
374 1069 507 1131 praestiterit
518 1069 589 1114 Deus.
612 1067 675 1114 Abiit
740 1073 772 1115 52
790 1067 884 1114 Flebant
894 1076 968 1115 autem
980 1084 1064 1123 ornnes,
1076 1077 1098 1116 et
1109 1071 1174 1132 plau-

208 1136 282 1198 igituu
304 1136 432 1197 praedicans
452 1150 490 1196 per
510 1140 579 1179 tutam
599 1132 674 1178 urbem
707 1133 790 1194 gcbuut
811 1148 868 1179 eam.
902 1131 955 1194 Ipse
976 1130 1029 1180 verd
1050 1133 1113 1188 dixit,
1136 1133 1174 1181 Ns

208 1209 290 1263 quanta
301 1200 340 1246 sibi
351 1200 496 1261 praestitisset
506 1197 580 1245 Jesus.
708 1197 775 1251 dete:
795 1212 841 1243 uon
852 1203 886 1243 est
896 1204 990 1252 mortua,
1003 1198 1042 1244 sed
1053 1197 1141 1244 dormit.

240 1269 274 1311 40
290 1267 304 1325 1
322 1263 415 1310 Factum
427 1273 461 1309 est
472 1271 553 1314 autem,
571 1267 596 1307 ut
606 1274 674 1321 quum
700 1309 706 1315 ,
741 1265 773 1308 55
790 1260 823 1308 Et
839 1260 965 1308 deridebunt
981 1277 1040 1317 euru,
1059 1261 1119 1324 qudd
1130 1263 1173 1309 sci·

209 1334 336 1374 revertisset
351 1327 425 1382 iesus,
442 1327 554 1386 exceperit
564 1339 616 1371 eum
628 1333 675 1370 tur·
708 1333 758 1372 rent
769 1341 817 1372 esse
828 1333 945 1372 mortuum.

209 1395 249 1449 bu5
267 1408 318 1438 narn
330 1407 408 1437 omues
419 1391 563 1451 expectabant
573 1404 632 1434 eum.
741 1393 772 1436 54
790 1388 842 1451 Ipse
853 1386 906 1436 verd
914 1390 989 1452 ejectis
997 1389 1057 1436 foras
1065 1391 1174 1443 omnibus.

240 1460 269 1502 41
289 1456 321 1502 Et
334 1471 393 1509 ecce,
411 1455 472 1501 venit
482 1453 570 1514 quidam
581 1452 616 1498 cui
633 1468 676 1498 no·
708 1461 731 1500 et
741 1451 849 1515 prehensi
859 1469 927 1500 manu
942 1456 995 1516 ejus,
1012 1454 1122 1508 clamavit,
1139 1456 1174 1500 di·

208 1536 260 1566 men
271 1519 355 1573 Jairus,
367 1519 404 1580 qui
415 1528 463 1566 erat
473 1517 597 1579 praefectus
606 1531 674 1578 syna-
708 1534 768 1572 cens,
781 1518 865 1573 Puella,
877 1534 951 1579 surge.

208 1601 298 1646 gogae3
323 1592 347 1630 et
365 1584 466 1630 accidens
484 1582 511 1628 ad
528 1581 595 1643 pedes
611 1580 674 1629 Jesn.
740 1586 772 1630 55
789 1583 823 1630 Et
841 1598 944 1629 reversus
964 1588 999 1629 est
1015 1583 1104 1644 spiritus
1120 1599 1174 1644 ejus

209 1650 302 1710 rogabat
311 1663 363 1695 eum
374 1655 400 1694 ut
413 1647 567 1710 ingrederetur
584 1646 675 1692 dominu
707 1662 734 1694 ac
745 1647 841 1694 surrexit
851 1647 923 1694 illico:
942 1654 966 1694 et
976 1649 1024 1708 ipse
1031 1649 1142 1710 praecepit
1150 1656 1174 1695 ut

209 1729 286 1760 suam:
707 1713 728 1759 ei
739 1711 829 1758 daretur
839 1711 907 1758 cibus.
1119 1741 1121 1744 -

240 1781 272 1822 42
290 1776 404 1832 Quoniam
415 1783 462 1821 erat
472 1774 492 1821 ei
505 1773 620 1836 unigenita
632 1770 677 1821 filia
740 1779 772 1824 56
789 1775 822 1822 Et
842 1775 936 1837 perculsi
958 1774 1048 1821 suerunt
1073 1781 1175 1837 parentes

211 1841 271 1902 prasi
282 1830 391 1888 annor‘um
403 1840 525 1894 duodecim.
542 1853 612 1899 eaque
624 1852 674 1883 nro·
707 1841 771 1902 ejus3
788 1841 835 1901 ipse
846 1836 899 1886 verd
910 1840 1021 1902 praecepit
1031 1839 1070 1894 eis,
1086 1848 1111 1886 ut
1122 1840 1176 1886 uuib
1254 1879 1259 1882 .

211 1907 311 1952 riebatur.
346 1904 410 1952 Inter
425 1904 523 1951 eundum
540 1900 594 1949 verd
613 1903 677 1949 turba
708 1905 806 1951 dicerent
817 1903 876 1966 quod
886 1904 969 1950 sactum
981 1903 1059 1950 suerat

209 1971 334 2018 coarctabat
345 1985 404 2016 euru.

242 2039 274 2080 45
291 2034 376 2080 Mulier
402 2041 477 2080 nutem
504 2045 562 2092 quae
584 2036 632 2076 erut
652 2029 675 2076 in
867 2030 941 2079 CAP.
966 2030 1012 2078 IX.

210 2098 308 2144 iiuxione
328 2097 442 2160 sanguinis
461 2096 488 2142 ub
506 2095 570 2142 annia
591 2095 675 2140 duode-
763 2095 962 2144 ONVOCATIS
997 2103 1071 2143 autem
1107 2098 1174 2145 Jesus

209 2163 259 2216 cim,
281 2169 305 2207 et
326 2162 348 2208 in
368 2162 466 2207 medicos
485 2159 622 2220 impenderat
640 2165 676 2204 to·
789 2161 904 2208 duodecim
916 2161 1027 2222 discipulis
1044 2161 1103 2215 suis,-
1114 2161 1172 2207 dedit

209 2235 257 2273 tum
278 2227 370 2281 uictum,
397 2240 439 2272 uec
460 2225 487 2271 ub
509 2223 554 2270 ullo
575 2229 678 2285 potuerat
708 2227 974 2287 eisvinretpotestatem
990 2225 1013 2271 in
1030 2225 1106 2274 omnia
1121 2226 1168 2272 dae

209 2291 287 2341 curari.
643 2345 645 2348 Ι
710 2291 790 2345 monia,
801 2297 825 2336 et
835 2291 924 2336 morbos
935 2289 1034 2336 sanandi.

241 2359 273 2410 44
291 2355 369 2408 Quum
380 2361 509 2402 accessisset
524 2367 538 2398 a
554 2360 625 2414 tergo,
643 2360 676 2397 te·
742 2359 757 2400 2
777 2354 885 2414 Misitque
911 2369 951 2400 eos
977 2362 1002 2400 ut
1023 2354 1176 2415 praedicarent

210 2419 261 2480 tigit
276 2419 384 2466 fimbriam
398 2419 458 2480 puilii
475 2418 559 2480 ipsius:
585 2424 608 2463 et
619 2416 677 2462 iilico
709 2434 804 2480 regnum
817 2418 869 2474 Dei,
883 2424 1142 2479 etsarurentaegrotos.

212 2485 308 2530 substitit
318 2483 388 2530 fluxio
399 2483 514 2545 sanguinis
525 2482 580 2544 ejus.
741 2488 758 2529 3
774 2483 807 2530 Et
814 2483 870 2528 dixit
878 2483 916 2536 eis,
926 2482 990 2529 Nihil
997 2483 1078 2528 sumite
1086 2482 1161 2528 aditet
1167 2499 1176 2538 ;

242 2551 274 2594 45
291 2547 357 2594 Tunc
372 2549 403 2593 ait
419 2546 494 2600 Jesus‚
514 2546 573 2600 Quis
589 2552 621 2592 est
638 2542 676 2604 qui
708 2563 780 2608 neque
800 2547 882 2610 virgas,
908 2561 980 2606 neque
1001 2561 1084 2608 peram,
1105 2561 1178 2606 neque

211 2626 247 2658 me
258 2611 348 2672 tetigit?
365 2611 507 2672 Negantibus
517 2618 591 2656 autem
602 2609 675 2654 omni·
708 2626 795 2673 partem,
807 2627 879 2672 neque
889 2611 1013 2673 pecuniam,
1030 2625 1102 2672 neque
1113 2611 1176 2656 binas

210 2676 256 2729 bus,
269 2675 324 2720 dixit
334 2673 422 2728 Petrus,
433 2683 456 2720 et
464 2675 501 2734 qui
510 2688 561 2718 curn
570 2679 675 2728 coercui,
709 2676 794 2722 tunicas
805 2676 889 2722 hatrete.

211 2739 329 2800 Magister·
341 2740 405 2784 turbt
416 2745 438 2784 ie
449 2737 583 2798 constringit
595 2744 619 2782 et
634 2752 675 2798 op·
741 2743 757 2785 4
774 2740 808 2786 Et
822 2741 845 2786 in
862 2754 1016 2801 quamcunque
1033 2738 1124 2784 domum
1140 2738 1174 2784 iu·

210 2803 290 2864 primit,
301 2809 324 2848 et
335 2801 396 2855 dicis,
415 2801 473 2855 Quis
484 2809 515 2848 cst
532 2801 569 2862 qui
586 2815 623 2848 rue
642 2808 676 2848 te·
709 2804 825 2858 traveritis,
837 2805 881 2850 nuc
891 2813 986 2858 mureto.
997 2809 1020 2849 et
1030 2802 1090 2849 illine
1101 2803 1175 2850 exite:

210 2866 280 2928 tigit?
741 2871 757 2914 5
768 2868 802 2915 Et
808 2868 933 2928 quicunque
940 2882 986 2913 non
998 2867 1121 2928 receperint
1129 2883 1177 2913 vos.

242 2935 275 2976 46
291 2930 359 2979 Jesus
367 2937 441 2976 nutem
450 2929 487 2984 ait,
496 2927 583 2991 Tetigit
591 2944 627 2975 me
634 2928 675 2975 nli·
708 2941 816 2979 exeuntes
826 2947 855 2978 ex
866 2934 919 2980 urbe
930 2929 973 2985 iili,
984 2932 1051 2978 etiam
1062 2931 1176 2992 pulverem

209 2995 265 3056 quis,
277 3010 329 3042 narn
338 3011 382 3057 ego
391 2995 488 3057 cognovi
500 2994 604 3042 virtutem
615 3009 629 3040 a
639 3009 676 3040 me
709 2995 824 3058 etpedibus
835 2997 914 3042 vestris
925 2997 1029 3051 excutite,
1047 3004 1072 3042 ut
1088 2997 1130 3043 tuo
1146 2997 1175 3042 sit

210 3060 322 3122 prodiisse.
709 3060 836 3108 testimonio
848 3057 953 3108 adversds
964 3075 1009 3106 eos

241 3128 272 3172 47
291 3124 376 3171 Videas
385 3131 459 3171 autern
467 3123 547 3170 mulier
555 3123 623 3170 illese
631 3135 677 3168 nou
742 3129 757 3171 6
774 3124 890 3171 Exeuntes
901 3125 969 3186 igitur
980 3124 1069 3170 obibunt
1077 3123 1177 3186 singidoa

210 3188 305 3242 intuisse,
328 3197 425 3238 tremens
446 3189 514 3241 venit,
534 3193 557 3234 et
575 3187 677 3235 accidens
708 3189 1177 3251 sicosevuugebzantesetsanantesmou·

209 3253 228 3300 ei
239 3255 271 3299 od
279 3255 354 3314 pedes,
366 3251 485 3300 declararit
496 3253 516 3299 ei
524 3253 547 3298 in
556 3257 677 3314 conspectu
708 3255 746 3301 boo
756 3253 843 3313 ubique.

211 3318 277 3364 tutius
293 3317 367 3378 popub
385 3332 451 3377 quam
468 3316 496 3362 ob
512 3331 612 3363 caussam
624 3315 676 3362 teti·
742 3320 757 3366 7
774 3320 790 3377 1
799 3317 892 3363 Audiuit
900 3323 974 3363 autern
985 3315 1090 3362 Herodes
1097 3323 1177 3364 tetrar-

210 3382 278 3442 gissot
289 3397 347 3435 euru,
362 3389 385 3428 et
395 3380 508 3442 quomodo
519 3388 595 3427 sanata
605 3379 678 3426 suerat
709 3383 751 3429 cha
762 3382 836 3428 omnia
846 3380 991 3442 quaefiebant
998 3382 1026 3427 ab
1033 3395 1073 3427 eoz
1093 3390 1116 3428 et
1124 3381 1176 3426 hae·

211 3445 274 3491 dlico.
709 3447 793 3499 sitabat,
800 3455 916 3506 propterea
922 3443 981 3505 qudd
990 3445 1177 3505 dicebaturaqui·

241 3507 343 3570 481pse
364 3507 419 3556 uerd
440 3509 497 3556 dixit
517 3507 544 3563 ei,
573 3505 674 3563 Confide,
707 3511 806 3564 busdam,
825 3509 937 3558 Joannem
954 3510 1084 3556 suscitatum
1100 3524 1178 3556 essee

212 3571 267 3628 uim
284 3573 338 3620 fides
348 3580 416 3621 tuate
428 3573 537 3622 servavit:
557 3573 612 3620 vade
623 3589 674 3619 curu
709 3575 802 3621 mortuis
807 3589 816 3629 ς

416 3656 417 3660 ¹
741 3642 757 3684 8
774 3639 797 3685 A
816 3637 946 3698 quibusdam
967 3633 1028 3691 vcrd,
1047 3635 1121 3682 Elium
1137 3651 1174 3697 np·

240 3705 273 3748 49
289 3699 371 3753 Adbuc
382 3715 409 3746 eo
420 3701 531 3762 loquente,
549 3708 610 3747 vemt
624 3701 674 3761 qui·
707 3702 818 3765 paruisse3
841 3702 868 3748 ab
890 3702 938 3747 aliis
964 3710 1045 3753 autem,
1075 3700 1172 3761 Prophe

212 3765 258 3814 iam
268 3763 400 3826 apmesecto
412 3780 548 3827 synagogae,
560 3766 635 3812 dicens
646 3767 674 3820 ei,
707 3775 753 3814 tum
764 3765 889 3827 quempiam
901 3779 930 3812 ex
942 3765 1037 3826 antiquis
1046 3765 1172 3812 surrexisse

465 3831 495 3872 ⁷6
