2720 4312
564 404 671 454 PAULI
691 403 861 452 EPISTULA

262 514 291 560 l'i
309 511 354 559 Sed
373 510 487 558 Dominus
503 511 555 557 mihi
573 511 648 565 adicit,
669 518 692 558 et
756 514 785 557 21
806 511 876 557 Stude
886 518 1022 557 venueaute
1033 509 1136 557 hiemem.
1150 511 1188 557 Sa·

230 576 379 624 aomohoravit
399 591 442 630 me,
465 583 492 621 ut
514 589 553 637 per
571 591 608 622 me
626 571 692 637 plaud
724 576 780 622 lutat
797 581 819 621 te
838 574 946 628 Eubulus,
961 581 985 620 et
1002 573 1099 628 Pudens,
1116 581 1137 620 11
1154 574 1189 621 11·

230 641 382 687 tertioraretur
393 640 541 700 praeconium,
559 641 618 699 quod
629 641 692 685 audi·
725 655 774 693 nus,
786 647 809 685 11
822 636 921 692 Claudia,
932 646 956 684 et
966 637 1045 684 iratres
1056 653 1142 684 omnes.

229 713 278 750 rent
289 719 367 749 onmes
378 713 473 766 gentes3
490 710 512 750 et
523 713 611 764 ereptus
622 703 653 749 sui
665 717 694 749 ex
760 707 791 748 22
809 701 923 748 Dominus
947 701 1016 750 Jesus
1038 699 1142 749 Christus
1164 705 1192 748 sit

230 767 357 815 ereieonis.
728 783 779 814 curu
799 767 876 828 spiritu
895 773 942 813 tuo.
978 766 1056 812 Gratia
1074 767 1104 812 sit
1120 767 1192 812 vohis·

264 835 293 876 18
312 830 344 876 Et
354 829 431 891 eripiet
442 846 479 878 me
487 829 602 877 Dominus
611 830 637 876 ab
646 846 695 876 om·
728 846 787 878 cum.
822 831 904 876 Amen.

229 895 697 1022 Sdeiiiitier“ilii'giriiiiai’dtiidduldgsrdiiiiiii·i
763 957 850 1018 Scripta
864 964 898 1004 est
916 954 991 1010 Romi
1007 957 1104 1004 secunde
1116 957 1143 1004 sd
1156 957 1195 1004 Tr-

231 1037 288 1070 ruru.
325 1021 405 1070 limen.
792 1023 914 1076 matheum,
936 1021 973 1082 qui
999 1022 1083 1083 primus
1110 1020 1195 1082 Epires’

267 1089 295 1134 19
312 1085 389 1134 Saluta
401 1087 501 1134 Priscam
512 1093 535 1134 et
546 1086 658 1148 Aquilam,
675 1092 698 1133 et
793 1086 908 1137 ordinatus
926 1084 968 1132 fuit
985 1086 1112 1148 episcopus,¹
1127 1101 1197 1146 quum
1264 1129 1272 1140 ,

233 1149 366 1214 dnedphori
376 1151 489 1198 familiam.
795 1149 879 1196 Paulus
890 1151 970 1196 iterum
980 1150 1093 1196 sisteretur
1106 1147 1198 1198 couri

265 1218 297 1262 20
314 1213 409 1262 Erastua
417 1215 499 1261 mansit
506 1211 623 1263 Corinthi:
639 1212 699 1261 Tro·
797 1213 891 1260 Neroni.

234 1279 334 1342 phimum
345 1287 419 1326 autern
439 1279 516 1340 reliqui
532 1279 607 1326 Mileti
620 1293 700 1342 aegro·

235 1349 326 1392 anem

383 1773 533 1834 PAULI
559 1774 795 1832 APOSTOLI
822 1773 1052 1834 EPISTOLA

593 1898 655 1955 AD
681 1897 840 1958 TITUM.

412 2037 486 2089 CAP.
510 2039 531 2087 l.
732 2047 785 2094 tem,
805 2055 850 2088 non
869 2039 1004 2094 iracundum,
1024 2055 1069 2086 non
1088 2041 1200 2095 vinosum,

293 2103 415 2159 AULUS,
429 2120 506 2151 servus
523 2103 576 2158 Dei,
588 2103 701 2165 apostolus
733 2119 778 2150 uon
789 2119 948 2165 percussorem,
960 2121 1005 2150 non
1023 2113 1110 2166 turpem
1121 2121 1198 2166 quaes·

311 2176 386 2215 autem
399 2166 490 2222 Christi,
502 2166 624 2214 secundirm
634 2167 701 2214 fidem
734 2173 782 2214 tum
794 2168 928 2225 facientem

236 2234 357 2282 electorum
369 2232 423 2288 Dei,
434 2240 457 2280 et
468 2233 604 2295 agnitionem
620 2233 702 2278 verita-
767 2236 782 2277 8
800 2232 845 2279 Sed
855 2232 993 2294 hospitalem,
1004 2233 1113 2278 honorum
1122 2249 1200 2280 arnan·

237 2299 266 2346 tis
276 2313 333 2360 quae
343 2305 378 2344 est
388 2294 509 2344 secundirm
520 2298 637 2359 pietatem3
734 2302 788 2349 tem,
798 2298 1060 2358 temperantemjustum,
1070 2299 1138 2358 pium,
1146 2313 1200 2343 con·

270 2367 285 2409 2
303 2361 340 2408 Ad
357 2378 418 2425 spem
434 2363 492 2408 vitae
509 2369 617 2415 aeternae,
637 2376 703 2420 quam
735 2361 860 2417 tinentem;

238 2427 368 2490 promiserat
379 2425 445 2473 Deus
459 2426 495 2472 ilie
512 2425 599 2472 mentiri
617 2426 704 2471 nescius
769 2430 784 2471 9
800 2423 913 2470 Tenacem
923 2423 994 2470 tidelis
1010 2424 1069 2470 illius
1085 2423 1200 2478 sermonis,

238 2500 290 2538 onte
308 2498 409 2552 tempora
430 2491 555 2536 seculorum
567 2506 575 2546 ;
600 2489 704 2550 patefecit
735 2487 772 2548 qui
790 2489 818 2534 ad
836 2488 959 2534 doctrinam
978 2489 1036 2542 iacit,
1052 2496 1077 2534 ut
1092 2489 1163 2550 possit
1178 2499 1200 2536 et

237 2563 311 2602 autem
323 2555 457 2615 temporibus
469 2554 520 2608 suis,
735 2553 847 2598 exhortari
868 2549 968 2598 doctrinis
984 2550 1078 2610 11111111
1088 2553 1194 2599 contradi·

270 2622 286 2663 ³
309 2619 415 2663 Videlicet
427 2632 551 2663 sermonem
565 2617 626 2664 illurn
638 2633 703 2662 suum
735 2626 811 2663 centes
822 2617 961 2663 convincere.

237 2697 277 2743 per
298 2681 446 2741 praeconium,
469 2681 528 2740 quod
552 2680 703 2726 concreditum
770 2683 800 2726 10
817 2681 875 2728 Sunt
891 2682 950 2726 enim
965 2680 1028 2726 multi
1041 2680 1200 2735 refractarii,et

238 2751 272 2791 est
291 2744 343 2788 mihi
363 2757 392 2788 ex
417 2743 555 2788 ordinatione
579 2744 703 2790 Servatoris
735 2744 855 2805 vaniloqui,
881 2753 903 2790 et
930 2745 1037 2790 mentium
1066 2745 1200 2806 deceptores,

238 2806 307 2855 nostri
326 2805 386 2851 Dei:
412 2804 472 2860 Tito,
492 2821 600 2868 germano
619 2805 664 2854 filio
681 2809 703 2854 in
735 2805 833 2855 maxime
844 2809 881 2869 qui
893 2816 985 2855 sunt¹ex
994 2809 1177 2855 circumcisione:

238 2869 351 2918 communi
362 2869 420 2917 lide:
770 2876 797 2918 li
818 2873 905 2927 Quibus
926 2879 1014 2934 oportet
1036 2887 1062 2918 os
1083 2874 1201 2929 obturarc3

271 2939 286 2980 1
304 2934 384 2982 Gratia
399 2935 428 2982 rit
444 2935 492 2990 titt,
506 2934 661 2990 misericordia,
681 2944 704 2982 et
735 2936 773 2996 qui
784 2943 843 2983 totas
854 2937 932 2983 domos
947 2937 1084 2992 subvertunt,
1096 2937 1203 2984 docentes

239 3013 315 3063 parea
330 2997 384 3046 Deo
400 2998 473 3056 Patre,
490 3007 513 3047 et
528 2998 630 3046 Domino
647 2999 704 3048 Jesu
736 3015 793 3062 quae
804 3016 849 3046 non
858 3009 952 3062 oportet,
964 3001 1033 3062 turpis
1045 3001 1098 3046 lucri
1109 3000 1189 3062 gratini.

193 3073 196 3080 '
241 3062 331 3114 christo
344 3063 463 3111 Servatme
473 3071 556 3110 nostro.
771 3067 801 3110 12
818 3063 885 3111 Dixit
895 3065 983 3124 quidam
994 3080 1023 3111 ex
1037 3065 1090 3126 ipsis
1101 3066 1203 3126 proprius

272 3133 288 3176 5
306 3127 383 3191 Hujus
400 3131 432 3174 rei
451 3125 525 3190 gratii
543 3127 619 3189 reliqui
639 3134 662 3174 11
680 3127 704 3174 in
735 3127 834 3190 ipsorum
855 3127 980 3190 prophetat
1002 3127 1121 3176 Cretenses
1143 3145 1202 3176 acm·

242 3190 317 3248 Croti,
330 3203 355 3238 ut
371 3191 454 3253 reliqua
467 3192 572 3253 corrigas,
584 3198 607 3238 et
619 3193 703 3238 consti·
736 3207 776 3254 per
793 3193 918 3247 mendaces,
935 3193 1006 3240 malae
1026 3193 1203 3246 ferae-matres

240 3264 289 3304 11111
300 3257 419 3318 oppidatim
431 3257 578 3318 presbyteros,
590 3256 647 3302 sicut
660 3271 704 3317 ego
736 3256 801 3318 pigri.

240 3320 278 3369 riht
289 3321 396 3368 ordinari.
772 3321 802 3366 35
817 3319 981 3366 Testimonium
997 3321 1041 3366 hoc
1057 3327 1091 3366 est
1106 3335 1199 3368 verum.

234 3442 236 3446 .
273 3390 289 3432 6
306 3385 380 3444 Siquis
390 3390 425 3430 est
440 3383 570 3444 inculpatus,
583 3383 652 3449 unius
662 3398 704 3428 ux·
737 3398 803 3444 quam
813 3385 841 3430 oh
851 3399 940 3431 causam
951 3399 991 3430 eos
1002 3385 1128 3446 redarguite
1139 3401 1204 3448 preo-

241 3448 286 3494 oris
302 3451 343 3502 vir,
360 3449 439 3494 liberos
460 3449 542 3493 habens
563 3446 645 3501 fideles,
668 3448 704 3508 qui
738 3444 791 3501 cisd,
804 3457 828 3494 ut
839 3449 885 3494 sani
898 3449 942 3496 sint
953 3449 976 3494 in
987 3448 1031 3494 fide
1039 3465 1047 3506 ;

241 3527 286 3558 nou
298 3512 343 3558 sint
351 3511 440 3560 obnoxii
449 3511 534 3558 crimini
542 3510 614 3566 luxds,
623 3519 661 3557 aut
670 3527 705 3559 re·
773 3515 802 3557 14
820 3511 874 3558 Non
885 3513 1024 3558 attendentes
1039 3513 1144 3558 ocimum
1161 3511 1203 3560 Ju-

242 3574 344 3622 iraotarii.
738 3575 807 3622 deicis
823 3575 907 3630 sabulis,
924 3582 948 3622 et
964 3576 1074 3623 manda'c's
1089 3576 1204 3622 homiuum

274 3641 288 3684 7
306 3638 402 3700 Oportet
415 3635 474 3685 enim
491 3639 618 3700 episcopum
635 3639 705 3687 iucul·
738 3641 887 3687 aversantium
898 3640 1022 3686 veritatem.

244 3709 318 3762 potum
335 3715 390 3755 esse,
408 3711 512 3762 tanquam
530 3702 575 3748 Dei
592 3703 706 3764 dispensa·
774 3706 803 3750 15
821 3699 1145 3764 Omniaquiddmpurupuris5
1156 3704 1198 3764 poi

243 3775 320 3816 rorern,
340 3777 386 3808 non
405 3765 601 3870 sibiqqeptiuacithr
618 3767 707 3828 placen·
740 3767 792 3813 lutis
803 3775 877 3814 autem
893 3773 916 3814 et
935 3781 981 3814 nou
997 3767 1137 3814 coedenthus
1153 3766 1206 3814 nihii
