2756 4320
555 421 664 481 tucn,
687 425 745 474 XX.

166 527 458 578 omns-unorurms
484 526 508 574 er
530 523 636 589 veroque
661 527 960 590 meminus-nune
978 531 1129 582 secutam
1205 516 1209 528 ¹

166 596 291 649 nonhabet,
310 594 380 640 etiam
394 592 456 655 quod
470 593 538 638 babet
552 592 635 638 sdime·
665 593 735 640 oculis
746 594 798 640 tuis.

168 668 206 707 tur.
696 661 729 703 4³
746 657 807 705 Nam
822 659 896 706 veniet
911 666 999 722 tempus
1013 657 1130 708 sdversdm

197 727 226 770 27
245 721 378 777 Quinetiam
390 735 454 766 meos
465 719 516 766 illos
530 719 635 775 inimicos,
665 730 694 774 te,
711 736 756 781 quo
772 723 930 784 circumjicient
945 725 982 774 tibi
999 726 1081 773 inimici
1098 733 1130 774 tus

167 788 201 848 qui
217 786 340 833 noluerunt
357 798 399 830 me·
412 799 509 845 regnare
524 799 590 844 supra
605 799 636 838 se.
666 785 755 840 vallum,
767 793 790 833 et
800 787 975 850 circumcingent
990 797 1019 844 te,
1035 797 1059 836 et
1074 805 1130 838 eon·

168 851 267 898 sdducite
278 852 330 902 bue,
341 856 366 896 et
372 849 478 910 jugulate
487 863 563 893 coram
574 863 617 894 ms.
666 849 777 911 stringent
788 851 897 912 undique:

198 919 229 961 28
247 913 281 960 Et
298 913 334 960 his
352 913 425 966 diets.
445 911 637 973 sntegrediebetur
698 918 731 958 44
747 913 826 975 Teque
836 915 885 962 solo
895 917 1026 976 aequabunt,
1042 916 1130 966 etblios

168 979 288 1027 mordens
301 976 495 1036 Hierosolymam.
666 983 717 1023 tuos
731 984 798 1032 sutus,
815 993 887 1038 neque
897 979 1055 1040 relinquentis
1067 988 1088 1028 te
1098 981 1129 1028 la·

200 1047 231 1091 29
248 1042 282 1088 Et
292 1040 377 1088 iactum
388 1048 429 1093 est,
441 1055 510 1100 quum
519 1039 636 1100 sppropln·
665 1041 739 1102 pidem
756 1056 822 1102 super
836 1041 947 1102 lapidem
968 1059 996 1090 eo
1012 1041 1071 1105 qudd
1086 1060 1132 1093 uon

170 1103 257 1168 quisset
269 1105 417 1166 Bethpbsgee
427 1111 450 1149 et
464 1102 593 1158 Bethaniae,
609 1103 637 1150 ad
666 1105 756 1152 noveris
764 1111 852 1166 tempus
862 1105 916 1152 illud
927 1107 1121 1155 visitationistuse.

170 1178 268 1218 montem
283 1171 321 1229 qui
338 1175 432 1215 vocabu
449 1166 561 1223 oleorum,
577 1168 638 1215 misit
699 1170 731 1216 45
748 1167 1051 1232 Etingressusiutesnplunr,
1060 1173 1131 1233 coepit

170 1235 225 1282 duos
235 1248 265 1280 ex
275 1233 388 1294 discipulis
399 1231 452 1285 suis.
666 1232 746 1294 ejicere
763 1247 803 1280 eos
821 1233 859 1294 qui
878 1233 1002 1282 residebunt
1017 1235 1041 1281 ln
1056 1250 1091 1290 so,
1110 1243 1132 1283 et

153 1316 157 1322 ’
200 1303 234 1345 30
251 1296 345 1350 Dicens,
358 1296 426 1342 Abite
436 1295 460 1342 in
471 1294 545 1341 vicum
556 1295 593 1356 qui
603 1301 639 1342 est
667 1296 785 1353 ensebsnt;

169 1377 199 1410 ex
216 1362 325 1418 sdvers03
348 1361 433 1420 inquo
450 1359 588 1406 incolumes
602 1359 638 1406 iu·
699 1364 731 1408 46
749 1359 884 1416 Dicenseis,
897 1361 1008 1424 Scriptum
1018 1369 1060 1418 est,
1078 1361 1118 1410 Do

171 1426 265 1472 venietis
271 1425 357 1486 pullum
368 1423 490 1485 alligatum,
501 1423 524 1470 in
535 1439 579 1485 quo
587 1422 637 1470 nul·
667 1439 718 1471 mus
728 1440 783 1480 mes,
794 1426 874 1473 domus
885 1427 1017 1488 precationis
1025 1436 1071 1474 est:
1090 1443 1131 1476 ros

171 1489 206 1536 lus
216 1504 313 1550 unquem
324 1488 440 1535 hominum
451 1488 520 1535 sedit:
540 1487 637 1534 solutum
667 1496 741 1536 sutem
756 1489 840 1538 fecistis
852 1505 902 1538 esra
917 1492 1045 1554 speluncam
1061 1491 1129 1540 latro·

170 1569 222 1602 eum
233 1553 343 1600 adducite.
667 1567 728 1600 num.

202 1621 233 1664 31
253 1617 286 1664 Et
307 1616 378 1677 siquis
399 1629 441 1662 vos
460 1615 637 1678 iuterrogrrerit,
698 1620 729 1664 47
747 1616 1022 1680 Etdocebetquotidiein
1039 1619 1123 1681 templo

172 1681 249 1736 Quare
260 1680 364 1728 solvitis?
387 1679 419 1726 sio
435 1679 513 1726 dicetis
527 1681 554 1735 ei,
571 1680 636 1734 Quo·
668 1679 770 1728 Priuurii
782 1680 836 1729 versi
851 1685 983 1737 sacerdotes,
999 1691 1024 1730 et
1039 1685 1129 1738 scribas,

171 1747 230 1794 uiam
241 1760 336 1806 eoopus
346 1742 500 1791 estDomino.
666 1751 690 1791 et
709 1760 818 1805 primores
843 1747 913 1808 plebis
939 1748 1056 1794 studebant
1078 1761 1130 1794 sum

201 1814 235 1856 32
253 1809 351 1856 Profecti
363 1814 438 1854 autern
449 1807 486 1868 qui
497 1807 558 1854 missi
566 1814 636 1864 erant,
666 1810 765 1871 perdere.

169 1871 526 1934 ,nveneruntprouteisdixerat
699 1876 731 1918 48
748 1871 799 1918 Nec
810 1871 950 1920 inveniebant
958 1873 1128 1933 quidsscerentr

202 1937 395 1984 &dolentibus
415 1942 489 1982 autem
510 1935 564 1998 ipsis
586 1934 637 1997 pul·
667 1942 728 1982 totus
738 1936 799 1982 enim
809 1935 904 1998 populus
914 1937 1060 1998 pendebateb
1075 1937 1128 2000 ipsa

171 2002 224 2057 lum,
238 2001 341 2048 dixerunt
352 2001 385 2047 eis
395 1999 478 2046 domini
489 2001 543 2062 ejus.
561 1999 638 2055 Qusre
666 2015 734 2062 quum
745 2015 798 2047 eum
808 2001 915 2048 audiebat.

171 2066 258 2113 solvitis
268 2064 371 2127 pullum?

201 2134 235 2177 34
249 2125 636 2191 lpsiverddixemntQuonismeo
822 2127 897 2180 CAP.
921 2129 979 2178 XX.

172 2209 229 2256 opus
239 2201 274 2241 est
284 2192 394 2240 Domino.
723 2192 746 2240 T
756 2192 839 2240 factum
850 2201 885 2241 est
894 2195 989 2255 quodam
1001 2194 1086 2242 dierum
1102 2195 1130 2242 ii·

202 2261 236 2306 ³5
253 2256 377 2305 Duxerunt
393 2255 462 2318 igitur
478 2271 528 2302 eum
548 2256 576 2303 sd
594 2254 636 2304 Je-
749 2257 830 2310 lorum.
849 2264 875 2304 ut
892 2273 961 2318 quum
980 2259 1027 2319 ipse
1042 2259 1132 2306 doceres

171 2337 235 2369 sirm:
263 2329 288 2368 et
305 2321 378 2382 pslliis
395 2335 441 2367 suis
461 2320 522 2382 pullo
543 2320 636 2383 injectis
665 2319 772 2382 populum
783 2321 807 2366 lu
818 2321 908 2381 templo,
924 2321 1131 2382 etevsngelissret,

173 2393 326 2446 imposuerunt
335 2384 424 2433 desum.
666 2383 836 2445 supervenerint
854 2384 950 2444 primarii
968 2385 1094 2432 sacerdotes
1109 2397 1132 2432 et

202 2453 236 2497 36
252 2449 330 2498 Eunte
345 2456 420 2496 sutem
437 2447 491 2510 ipso,
509 2447 636 2494 substerne·
666 2447 749 2494 scribae
759 2462 809 2494 cum
821 2447 958 2505 senioribus3

171 2514 223 2560 lunt
233 2514 299 2576 pslliu
308 2529 349 2560 sus
359 2527 382 2558 m
393 2509 437 2558 vii.
699 2515 714 2558 2
731 2510 764 2558 Et
774 2511 879 2572 nuoquurt
891 2506 936 2558 sint
951 2526 1009 2565 eum,
1026 2511 1130 2566 dicentes,

202 2583 234 2626 37
252 2578 285 2625 Et
303 2592 371 2638 quum
385 2577 434 2638 jem
454 2575 638 2637 appropinquaret
666 2575 713 2622 Dic
724 2576 787 2622 nobis
796 2573 841 2636 qui
850 2575 981 2623 auctoritate
990 2575 1034 2623 ists
1046 2575 1132 2624 laciu?

171 2642 199 2689 sd
209 2643 340 2688 descensum
351 2641 435 2687 montis
452 2640 565 2693 Olenium,
584 2655 637 2686 eoe-
665 2647 705 2686 aut
719 2640 769 2700 quis
785 2640 822 2687 ille
837 2641 867 2688 sit
882 2641 919 2703 qui
936 2641 996 2688 dedit
1011 2641 1050 2688 tibi
1066 2641 1130 2690 istem

171 2707 204 2769 pit
232 2707 305 2753 omnis
334 2704 454 2751 multitudo
479 2703 637 2764 discipulorum
666 2705 827 2752 auctoritatem.

171 2770 314 2832 gaudentium
325 2767 416 2816 lsudsre
425 2767 502 2814 Deum
511 2783 566 2813 voce
573 2781 637 2828 mag·
699 2772 715 2814 3
733 2768 879 2831 Respondeas
898 2777 971 2818 sutem
990 2769 1059 2819 Jesus
1074 2769 1131 2818 dixit

171 2833 201 2881 sui
210 2834 239 2881 de
249 2835 351 2881 omuibus
362 2847 417 2895 ques
432 2832 534 2878 viderant
549 2831 637 2878 virtuti·
667 2833 705 2886 eis,
715 2831 862 2896 Interrogubo
870 2851 912 2882 vos
920 2847 943 2882 et
950 2851 994 2898 ego
1003 2851 1050 2882 rem
1058 2850 1129 2896 quen-

171 2898 213 2945 bus
221 2914 230 2954 3
667 2897 733 2943 dam:
752 2898 818 2944 dicite
832 2899 900 2958 igitur
910 2899 970 2953 mihi,

202 2965 236 3008 38
252 2960 368 3015 Dicentes,
385 2959 521 3008 Benedictus
537 2966 582 3006 esto
598 2973 638 3006 rex
699 2965 716 3006 4
732 2961 860 3022 Baptismus
871 2960 966 3009 Joennis
976 2977 989 3007 e
1000 2961 1063 3007 coelo
1077 2971 1130 3016 eret,

172 3025 209 3072 :lle
230 3027 266 3086 qui
288 3027 351 3072 veuit
371 3025 395 3071 in
413 3025 504 3070 nomine
523 3022 635 3071 Dominis
667 3023 891 3071 enexhominibusi

172 3105 216 3150 psx
227 3090 249 3136 iu
260 3089 330 3145 coelo,
342 3095 365 3136 et
374 3088 448 3151 gloria
457 3088 480 3134 in
491 3089 546 3134 locis
557 3087 637 3134 ultissi-
700 3091 716 3134 5
732 3088 766 3133 At
776 3087 806 3132 illi
818 3086 941 3132 ratiocinati
957 3093 1010 3132 suut
1025 3087 1083 3146 apud
1100 3102 1130 3141 se,

173 3155 223 3201 mis.
667 3151 771 3204 dicentes,
785 3150 809 3196 Si
820 3149 946 3204 dixerimus,
964 3148 986 3195 E
1003 3149 1132 3202 coelowdia

127 3217 129 3223 ’
204 3221 237 3266 39
253 3217 287 3264 Et
297 3215 363 3277 aliqui
377 3213 545 3263 Pirsrisseorum
554 3229 566 3261 e
575 3211 639 3262 turbis
667 3222 709 3269 cet,
722 3214 799 3267 Quare
810 3227 865 3274 ergo
875 3227 921 3258 non
932 3212 1100 3260 credidistrscri

173 3282 276 3328 dixenmt
286 3281 314 3336 ei,
330 3279 472 3342 Praeceptor,
489 3281 582 3341 objurga
592 3279 637 3325 dis·
699 3283 715 3326 6
733 3278 772 3325 sin
783 3284 857 3324 autem
868 3276 995 3331 dixerimus,
1010 3275 1049 3324 Ex
1059 3276 1119 3326 lromi

173 3345 258 3408 apulos
268 3351 327 3391 ttros.
667 3343 745 3399 nibus;
762 3349 809 3388 tota
819 3340 880 3402 plebs
890 3340 992 3402 lapidabit
1002 3355 1057 3388 nors
1080 3356 1132 3401 per·

206 3413 239 3456 40
256 3407 307 3470 lpse
319 3404 372 3455 γετὸ
384 3407 518 3469 respondeus
529 3406 585 3452 dixit
598 3405 637 3460 cis,
668 3422 733 3454 suasa
747 3405 806 3454 elsim
822 3412 863 3460 est,
880 3403 992 3454 Joennem
1002 3403 1131 3468 prophetam

179 3470 238 3520 Dico
248 3472 318 3526 vobis,
329 3473 348 3518 si
360 3472 460 3519 siluerint
475 3471 518 3526 isti,
535 3485 589 3516 mox
605 3469 637 3521 la·
667 3471 741 3519 fuisso.

175 3537 400 3604 pidesclumitaturos.
700 3539 715 3582 7
733 3533 904 3594 Responderunt
922 3531 988 3594 igitur
1006 3547 1031 3578 se
1047 3531 1132 3585 nesciis

206 3603 235 3646 41
255 3594 638 3678 ΕῑυῑιΡρτορὶηηυηνΙῑμίείυὼε,
669 3598 729 3646 unde
739 3605 803 3644 esset.
1063 3656 1065 3660 .

176 3662 237 3712 tevit
248 3679 314 3724 super
323 3679 357 3719 es,
701 3666 716 3706 8
733 3660 799 3707 Tunc
809 3659 877 3708 Jesus
892 3658 947 3706 dixit
962 3659 1001 3715 eis,
1019 3659 1070 3708 Nec
1088 3676 1132 3722 sps

208 3731 240 3772 42
256 3726 348 3782 Dicens,
367 3726 392 3775 Sl
409 3725 446 3773 vol
463 3732 488 3774 tu
504 3723 581 3773 misses
597 3725 640 3773 boc
669 3725 739 3774 dicem
753 3725 813 3772 robis
824 3722 867 3788 qui
883 3725 1013 3774 auctoritate
1029 3727 1083 3772 baec
1099 3723 1130 3775 is·

178 3790 304 3842 *temtus
314 3791 349 3840 die
370 3805 428 3898 qppe
443 3789 471 3840 sd
486 3805 563 3855 paoem
579 3795 639 3838 tuem
669 3790 725 3838 ciem
943 3811 958 3853 ὅ
