2734 4314
530 424 756 477 tranmissus,
780 421 852 470 vul.

204 523 665 584 mluaDominanonnepaernomeutuum
696 533 744 568 tum
765 538 841 569 mcum
858 523 1005 584 ingnediarlsa
1028 523 1068 570 sed
1093 527 1159 570 solun

203 590 388 653 prophetavimus,
399 599 422 634 et
429 589 451 634 iu
461 589 551 633 nornine
562 594 601 632 tuo
612 587 665 632 dae-
696 586 793 646 loquere,
805 593 828 633 et
838 589 949 634 sanabitur
959 603 1014 649 puer
1024 603 1103 634 meust

204 653 279 700 monia
288 651 399 714 ejecimus,
410 658 432 698 et
446 667 489 710 per
506 665 587 696 nomen
602 659 665 696 tuum
731 656 746 698 9
763 650 854 696 Etenim
865 666 909 712 ego
922 665 971 696 sum
986 652 1054 698 homo
1068 653 1109 698 sub
1120 667 1157 712 pu·

204 716 285 764 multas
296 724 389 769 virtutes
399 713 524 765 edidimus?
698 720 778 760 testate
786 716 927 768 constitutus,
936 715 1018 763 liabens
1027 716 1110 761 subme
1118 715 1159 761 ini·
1248 715 1250 718 ’

238 784 269 825 25
280 779 346 826 Tunc
355 787 427 824 autern
437 777 600 839 profiteboreis,
610 775 667 824 Cer·
699 777 762 824 lites:
782 784 805 823 et
823 778 873 824 dico
890 779 948 832 huic,
969 777 1119 832 Proficiscere,
1138 785 1160 827 a

205 838 229 890 td
240 857 351 904 nunquam
364 846 415 888 novi
427 857 482 888 voss
501 841 668 888 discediteame
698 840 857 903 proficiscitur;
874 849 896 888 et
905 841 973 895 alteri,
981 841 1046 894 VcnI,
1055 849 1079 888 et
1087 841 1160 900 venite

206 907 242 969 qni
255 922 343 968 operam
355 905 410 952 datis
422 904 590 966 transgressioni
604 905 668 966 legis.
700 912 796 951 etservo
807 920 864 958 meo,
878 904 923 951 Fac
935 921 983 959 noc,
995 913 1018 952 et
1028 905 1087 952 iacit.

239 974 271 1016 24
288 970 394 1030 Quisquis
401 970 469 1031 igitur
475 969 615 1015 auditexme
622 983 669 1014 ser·
736 972 766 1014 10
782 970 851 1016 Haec
858 977 931 1014 autem
940 984 1008 1028 quum
1016 969 1113 1016 audisset
1121 967 1160 1016 Je-

207 1049 285 1082 moues
291 1034 352 1086 istos,
361 1041 383 1079 et
390 1049 429 1079 eos
437 1039 538 1094 praestat,
546 1032 670 1079 assimilabo
702 1048 746 1085 sus,
757 1032 849 1079 miratus
859 1039 899 1086 est,
908 1039 931 1078 et
939 1033 994 1078 dixit
1000 1033 1027 1078 iis
1035 1033 1072 1092 qui
1084 1047 1161 1093 seque-

207 1113 259 1146 eum
269 1099 318 1144 viro
329 1097 437 1159 prudenti,
449 1097 486 1158 qui
497 1096 620 1142 aedificavit
628 1096 668 1141 do·
700 1097 786 1150 bantur,
796 1096 871 1142 Amen
878 1097 927 1142 dico
934 1096 1002 1149 vobis,
1011 1111 1040 1142 ne
1048 1097 1071 1143 in
1080 1093 1161 1143 lsrs'cle

209 1177 270 1210 mum
281 1176 343 1208 suam
355 1177 420 1223 super
430 1171 528 1222 petram:
701 1159 789 1221 quidem
801 1166 884 1206 tantam
894 1159 960 1206 iidem
971 1159 1053 1206 inveni.

241 1227 272 1272 25
289 1224 380 1272 Decidit
394 1232 468 1271 autem
483 1224 577 1278 nimbus,
593 1231 616 1270 et
630 1239 669 1268 re·
736 1227 762 1268 11
783 1223 843 1270 Dico
862 1231 935 1269 autem
950 1223 1019 1278 uobis,
1039 1223 1121 1270 multos
1136 1223 1177 1270 ab,

209 1295 291 1337 uerum
301 1288 398 1341 flumina,
409 1295 432 1334 et
446 1287 557 1334 flaverunt
569 1287 636 1340 venti,
648 1293 671 1332 et
703 1286 795 1333 Oriente
806 1293 829 1333 et
840 1286 961 1333 Occidente
971 1293 1084 1339 venturos,
1095 1295 1118 1333 et
1125 1301 1160 1334 sc·

218 1353 334 1400 nciderunt
347 1351 421 1396 domui
436 1351 481 1397 illis
500 1351 539 1396 sed
555 1365 601 1396 non
612 1351 670 1396 ceci·
702 1351 874 1397 cubituroscurn
892 1351 1026 1404 Abrahamo,
1039 1358 1062 1398 et
1079 1348 1163 1399 Isaaco

210 1417 248 1470 dit,
259 1415 351 1462 fundata
360 1415 419 1460 enim
427 1413 499 1460 iuerat
506 1430 571 1475 super
578 1423 670 1475 petram
702 1421 725 1461 et
736 1413 827 1467 Jacobs,
838 1414 862 1460 in
873 1429 943 1476 regno
953 1413 1082 1462 coelorum:

243 1484 274 1526 26
286 1479 318 1525 Et
324 1479 422 1539 quisquis
429 1478 524 1524 auditex
532 1493 568 1524 me
574 1477 615 1523 hos
624 1493 670 1524 ser·
737 1482 767 1524 12
784 1477 853 1525 lilios
863 1475 917 1525 verb
928 1479 990 1540 regui
999 1480 1092 1538 eiectum
1104 1477 1130 1523 in'
1141 1479 1163 1524 io

211 1558 295 1596 mones,
306 1551 329 1589 et
339 1558 378 1588 eos
389 1558 434 1588 non
447 1548 549 1603 praestat,
564 1541 671 1587 assimila·
704 1543 804 1588 tenebras
814 1542 862 1588 illas
873 1549 972 1589 extem:
992 1541 1036 1588 illic
1046 1543 1088 1588 erit
1099 1541 1164 1588 fletus

210 1608 269 1654 bitur
278 1604 324 1653 viro
333 1605 401 1660 samo,
407 1606 445 1666 qui
454 1604 575 1652 aedificarit
582 1605 673 1652 domum
704 1611 726 1652 et
738 1606 818 1652 stridor
828 1606 934 1652 dentium.

212 1686 274 1717 suam
286 1685 351 1732 super
364 1685 469 1716 arenam:
739 1673 769 1715 13
784 1669 816 1715 Et
826 1670 881 1715 dixit
892 1669 959 1717 Jesus
968 1669 1096 1722 centurioni,
1106 1669 1165 1724 Abi3

243 1737 273 1795 27
292 1734 415 1780 Descendit
425 1740 499 1780 autem
510 1731 590 1795 pluvia,
602 1738 625 1779 et
632 1748 672 1779 ve·
704 1739 733 1786 et,
745 1740 770 1779 ut
780 1733 896 1787 credidisti,
907 1732 946 1779 ilat
956 1734 1001 1779 tibi.
1028 1733 1164 1794 Sanatusque

212 1805 292 1846 nerunt
303 1797 400 1851 flumina,
411 1805 435 1844 et
445 1795 555 1844 flaverunt
566 1797 634 1850 venti,
651 1803 674 1843 et
704 1803 739 1843 est
749 1811 803 1857 puer
814 1798 860 1856 ejus
871 1813 898 1842 eo
909 1797 957 1858 ipso
968 1804 1088 1842 momento.

212 1863 352 1924 impegerunt
362 1862 386 1908 in
400 1861 490 1908 domum
505 1861 580 1908 illem:
598 1867 621 1907 et
635 1876 673 1908 oe·
740 1863 802 1920 14.1
816 1860 848 1906 Et
858 1875 926 1920 quum
939 1861 1037 1907 venisset
1047 1858 1113 1907 Jesns
1125 1859 1165 1906 do·

212 1927 270 1980 cidit,
282 1933 304 1972 et
315 1926 357 1972 suit
367 1941 431 1972 casus
442 1927 490 1988 ejus
500 1940 602 1988 magnus.
705 1939 767 1970 mum
776 1923 844 1977 Petri,
852 1925 907 1970 vidit
918 1939 1005 1969 socrum
1016 1925 1064 1984 ejus
1074 1924 1096 1970 in
1107 1925 1165 1970 lecta

244 1994 275 2034 28
292 1989 386 2036 Factum
397 1996 431 2035 est
441 1999 521 2043 autent,
533 2003 601 2050 quum
611 1985 674 2032 linis·
705 1989 831 2048 projectam,
843 1993 865 2032 et
875 1986 1056 2032 febricitantemet

212 2061 245 2100 set
256 2052 323 2101 Jesus
334 2067 447 2098 sermones
458 2053 518 2104 istos,
531 2062 555 2097 ut
568 2050 673 2111 percelle-
740 2053 769 2097 15
785 2049 915 2110 Tetigitque
925 2065 1014 2094 manum
1029 2051 1083 2110 ejus,
1095 2057 1118 2097 et
1133 2051 1166 2096 di·

213 2124 272 2162 retur
283 2117 347 2162 turba
357 2111 617 2176 superdoctrindiosius.
645 2152 647 2157 .
705 2113 766 2160 misit
775 2128 824 2160 eam
834 2113 917 2160 scbriss
938 2120 961 2160 et
974 2113 1075 2168 surrexit,
1086 2128 1112 2160 ac
1123 2115 1166 2159 mi·

245 2184 277 2227 29
300 2178 402 2225 Docebat
419 2179 477 2224 enim
494 2194 533 2224 eos
549 2184 574 2224 ut
592 2177 674 2224 habeus
705 2177 806 2224 nistravit
816 2178 855 2224 eis.

213 2243 372 2294 auctoritatem,
384 2257 429 2289 uon
440 2257 513 2290 aurem
524 2248 550 2288 ut
560 2242 649 2290 scribae.
740 2245 769 2289 16
786 2241 862 2295 Quum
874 2249 947 2288 sutem
960 2255 1033 2286 serum
1044 2245 1090 2286 dm
1101 2247 1166 2294 esset,

705 2305 860 2354 obtuleruntei
872 2305 1025 2352 daemoniacos
1033 2305 1128 2350 multos:
1144 2311 1166 2350 et

358 2368 431 2419 cnP.
456 2369 529 2417 VIll.
704 2371 769 2432 ejecit
784 2371 872 2432 spiritus
885 2371 959 2424 verbo,
978 2383 1100 2428 omnesque
1109 2365 1166 2414 male

283 2433 673 2484 ESCENDENTEMautem
705 2433 919 2481 habentessanavita

295 2515 347 2546 cum
358 2515 371 2545 e
382 2508 458 2545 monte
469 2506 561 2560 sequuta
576 2506 611 2546 est
626 2507 685 2546 turs
741 2501 770 2544 17
789 2496 822 2543 Ut
833 2495 960 2557 impleretur
972 2495 1032 2555 quod
1039 2495 1123 2540 dictum
1134 2507 1167 2541 est

214 2575 240 2608 ba
251 2563 327 2609 nnilta.
707 2577 746 2622 per
758 2560 847 2606 Esaiam
858 2560 993 2620 prophetam,
1003 2559 1119 2612 dicentem,
1129 2556 1167 2619 Ip-

246 2630 260 2670 2
276 2627 314 2678 Et,
324 2641 381 2679 ecce,
391 2624 489 2686 leprosus
496 2640 564 2684 quum
571 2625 675 2678 venisset,
708 2641 731 2670 se
752 2623 912 2670 invaletudines
933 2631 1020 2669 rostras
1037 2623 1168 2684 ascendut

213 2689 312 2735 adoravit
322 2705 381 2742 eum,
394 2689 474 2742 dicens,
487 2689 594 2743 Domine,
606 2689 624 2734 si
636 2704 675 2734 ve·
707 2688 796 2734 morbos
807 2687 909 2747 portaria

215 2753 248 2798 lis
260 2761 323 2814 potes
334 2767 370 2798 me
381 2768 484 2813 purgare.
742 2755 771 2796 18
788 2751 890 2812 {Quum
906 2749 997 2796 vidisset
1012 2764 1086 2795 susem
1102 2747 1169 2796 Jesus

244 2821 261 2862 5
283 2814 427 2876 Extensique
448 2831 515 2862 manu
533 2815 607 2877 tetigit
625 2831 676 2862 eum
708 2816 793 2862 turbam
805 2814 896 2860 multam
907 2815 990 2859 circum
1001 2814 1131 2874 sesejussit
1145 2823 1169 2859 ut

214 2879 287 2934 Jcsus,
297 2881 378 2934 dicens,
387 2879 454 2932 Volo,
463 2888 576 2941 purgator.
597 2879 676 2926 Statim
707 2879 804 2926 abiretur
814 2879 837 2924 in
848 2878 973 2924 ulteriorem
984 2879 1067 2936 ripam

214 2945 282 3006 igitur
292 2951 386 3006 purgata
396 2943 438 2989 fuit
448 2945 495 3004 ejus
506 2944 585 3006 lepram
743 2946 773 2990 19
791 2941 823 2988 Et
844 2957 912 3002 quum
933 2941 1061 2988 accessisset
1082 2941 1169 3001 quidam

245 3012 262 3054 4
278 3007 512 3062 TuncdiciteiJesus,
521 3007 580 3054 Vide
588 3015 614 3054 ut
621 3007 676 3052 nulli
708 3006 784 3059 scriba,
801 3005 857 3052 dixit
875 3005 902 3059 ei,
920 3004 1037 3067 Magister,
1054 3020 1133 3066 sequar
1148 3014 1170 3051 te

215 3071 289 3119 dicas:
316 3071 356 3118 sed
366 3073 407 3126 abi,
418 3072 509 3118 ostendo
523 3078 545 3118 te
561 3071 675 3124 sacerdoti,
708 3085 839 3132 quocunque
849 3069 934 3116 abieris

216 3148 238 3181 et
249 3136 303 3182 offer
316 3135 399 3182 donum
416 3136 470 3182 illud
485 3135 544 3196 quod
561 3136 677 3197 imperavit
741 3139 773 3181 20
788 3133 854 3181 Tunc
865 3133 943 3180 dicitei
953 3132 1026 3187 Jesus,
1036 3132 1121 3194 Vulpes
1129 3133 1168 3179 ha·

216 3197 302 3251 Moses,
314 3208 340 3246 art
350 3202 391 3247 boc
401 3202 431 3246 sit
441 3199 473 3246 ele
484 3201 617 3246 testimonio.
707 3199 761 3244 bent
772 3197 848 3251 lustra,
864 3204 887 3244 et
903 3196 1004 3243 volucres
1020 3197 1075 3242 coeli
1092 3196 1170 3254 nidos:

246 3267 263 3310 5
279 3267 297 3323 1
309 3261 438 3325 Ingressum
453 3271 526 3310 autom
538 3261 617 3312 Jesum
630 3261 676 3312 Ca-
710 3261 781 3309 Illius
791 3269 865 3308 autem
879 3261 975 3307 bominis
991 3275 1037 3306 nou
1053 3260 1118 3306 habet
1134 3259 1171 3306 ubi

217 3322 321 3389 pertisum
333 3327 386 3372 adiit
396 3327 502 3380 centurio,
513 3342 605 3387 precans
618 3343 676 3378 eum,
709 3333 775 3386 caput
785 3325 883 3372 reclinet.

248 3395 264 3436 6
282 3389 313 3435 Et
328 3389 409 3442 dicens,
427 3389 533 3442 Domine,
544 3405 599 3450 puer
614 3405 677 3435 meus
742 3393 770 3434 21
790 3388 855 3434 Alius
866 3394 941 3434 sutem
952 3401 980 3434 ex
996 3386 1108 3448 discipulis
1124 3387 1171 3448 eJ'us

218 3454 327 3514 projectus
337 3460 371 3498 est
382 3452 441 3498 domi
454 3453 593 3514 paralyticus,
604 3463 626 3499 et
638 3469 677 3499 ve·
710 3452 765 3499 dixit
776 3451 803 3505 ei,
816 3451 922 3506 Domine,
939 3451 1041 3511 permitte
1058 3451 1109 3496 mihi
1126 3449 1171 3510 pri·

218 3519 332 3564 trementer
342 3523 462 3576 torquetur.
710 3513 771 3561 milm
783 3516 841 3562 abire
852 3530 875 3560 er
885 3515 976 3576 sepelire
987 3522 1071 3575 patrem
1082 3529 1164 3562 meunt

250 3578 348 3628 7Tuuc
359 3579 411 3624 dicit
421 3580 441 3625 ei
456 3578 529 3632 Jesus,
543 3578 595 3640 Ego
610 3595 677 3640 quum
743 3584 774 3624 22
790 3578 857 3626 Jesus
870 3586 944 3625 autem
960 3578 1015 3624 dixit
1031 3578 1057 3628 ei,
1076 3578 1170 3638 sequere
1249 3575 1256 3586 '

220 3658 307 3696 seuero,
318 3643 399 3689 sanam
409 3658 468 3689 eum.
712 3658 755 3697 me,
766 3650 789 3689 et
800 3643 847 3688 sine
858 3649 883 3688 ut
893 3642 974 3687 mortui
991 3641 1097 3703 sepeliant
1112 3656 1171 3688 nior·

251 3710 265 3751 8
291 3705 324 3752 Et
344 3706 479 3767 respondens
500 3707 600 3752 centurio
618 3705 680 3759 dixit,
712 3713 833 3752 tuossuos.

223 3767 326 3826 Domioe,
337 3784 383 3817 uon
393 3770 535 3871 sumsdigous
547 3775 571 3816 ut
582 3770 622 3816 sub
633 3778 680 3816 tec·
745 3773 776 3816 23
794 3767 871 3830 Ipsum
882 3774 956 3816 autern
966 3767 1092 3830 inermum
1100 3768 1124 3815 in
1132 3783 1160 3815 ne
