2734 4314
564 389 679 444 LUCA,
701 390 735 438 lt

168 494 279 542 nvenistis
289 494 396 540 infantem
408 494 485 542 fasciis
500 493 634 550 involutum,
668 496 767 544 visurum
785 506 881 548 mortem
897 502 1024 566 priusquam
1044 504 1130 554 vidtur

168 571 271 605 ¹urentem
282 559 306 605 in
317 559 424 620 praesepi.
670 559 784 608 Christum
795 564 856 612 illum
868 565 970 614 Domini.

198 625 228 667 1³
244 622 277 668 Et
288 609 380 684 repenti
396 621 467 668 adluit
484 637 538 668 cum
555 621 635 682 angelo
701 629 731 672 27
747 624 772 673 Is
780 628 848 690 igitur
855 631 1042 692 venitimpulsore
1050 631 1131 693 Spiritu

168 686 283 734 nttltitudo
294 687 432 732 exercituum
444 687 578 732 coelestium
587 685 634 732 lau·
667 688 813 750 intemplurn.
847 692 955 754 thuum
968 696 1131 744 introducerent

168 751 264 797 dantium
276 749 539 804 Deunnetdicentium,
668 754 784 813 puerulum
806 754 885 803 Jesum
908 767 1015 818 parentes,
1039 769 1063 805 ut
1084 763 1132 822 ejus

200 818 230 859 14
248 815 329 860 Gloria
339 813 362 860 in
374 816 440 860 coelis
452 813 566 860 altissimis
574 812 635 868 Deo,
668 815 747 864 csussi
759 818 927 882 facerentquotl
937 837 966 868 ex
977 823 1027 884 lege
1038 839 1129 871 cousue-

168 885 190 924 et
204 878 228 924 in
244 876 305 924 terrei
320 893 371 940 pax,
388 879 411 924 in
422 879 526 924 homines
536 878 634 924 benero-
669 888 716 926 tum
728 889 791 938 erat3

168 943 240 990 cutia.
701 947 732 990 28
749 944 814 994 Tunc
823 947 870 1008 ipse
881 949 963 1010 recepit
973 965 1024 996 eum
1036 950 1058 996 in
1071 952 1131 998 ulnus

201 1009 230 1052 15
247 1006 282 1052 Et
292 1005 376 1052 iactum
388 1012 428 1060 est,
446 1012 472 1052 ut
488 1004 636 1052 discesserunt
669 1023 726 1062 suas,
739 1015 762 1054 et
771 1009 884 1056 benedixit
895 1011 955 1068 Deo,
966 1020 989 1058 et
1000 1014 1062 1068 dixit,

168 1071 194 1116 sb
202 1071 234 1116 eis
245 1071 320 1132 angeli
331 1071 354 1116 in
366 1070 460 1123 coelum,
472 1077 528 1116 tunc
538 1079 636 1131 pastores
701 1075 733 1120 29
749 1072 819 1120 Nunc
840 1075 932 1121 dimittis
953 1091 1042 1122 servum
1064 1087 1129 1132 tuum¹

169 1134 198 1180 uli
209 1135 310 1180 dicerent
320 1134 356 1180 alii
368 1134 468 1188 adalios,
486 1133 572 1179 Eamus
583 1129 637 1180 sarid
670 1135 778 1191 Domine,
805 1135 927 1184 secundtlm
950 1141 1042 1186 verbum
1064 1150 1126 1188 tuum

171 1196 340 1244 Betlrlchemarn
368 1213 444 1258 usque,
473 1204 496 1243 ct
522 1197 636 1244 videamus
669 1214 802 1260 cumpace;

170 1261 251 1307 iactum
269 1262 329 1308 istud
346 1262 406 1324 quod
426 1261 540 1308 Dominus
558 1269 635 1308 notum
701 1267 734 1310 50
751 1264 812 1317 Quis
827 1265 930 1312 viderunt
946 1266 1003 1313 oculi
1020 1267 1063 1313 mei
1075 1267 1134 1314 salu·

170 1325 301 1372 iecitnobis.
342 1353 346 1356 -
494 1333 505 1342 ⁰
669 1335 714 1374 tem
726 1335 793 1383 tuam,

203 1393 232 1436 16
249 1389 368 1435 Venerunt
385 1389 454 1451 igitur
469 1389 605 1442 festinantes,
615 1397 638 1435 et
701 1396 729 1437 31
750 1393 824 1446 Quam
833 1390 913 1455 peristi
922 1395 944 1441 in
954 1393 1023 1442 oculis
1032 1397 1129 1444 omnium

169 1453 301 1500 invenerunt
314 1453 418 1508 Mariam,
434 1460 457 1499 ct
467 1453 597 1514 Josephum,
614 1462 637 1499 et
669 1456 818 1518 populorum

171 1517 276 1564 infantem
283 1519 395 1580 jacentem
405 1518 430 1563 in
440 1518 547 1580 praesepi.
701 1525 733 1566 52
750 1520 839 1567 Lumen
858 1523 1003 1583 retegendum
1021 1525 1131 1586 genubus.

204 1585 232 1628 ti
251 1583 287 1628 Eo
303 1591 376 1628 autem
391 1597 448 1633 vrso,
466 1581 637 1642 divulgaverunt
669 1591 692 1630 et
702 1584 795 1646 gloriam
806 1586 881 1648 populi
892 1588 924 1632 tui
936 1586 1031 1634 Israelis.

170 1646 262 1704 idquod
279 1646 360 1691 dietum
380 1645 453 1692 iuerat
469 1646 522 1706 ipsis
538 1646 565 1691 de
581 1661 635 1708 pue-
699 1653 732 1694 53
747 1648 859 1710 Josephus
870 1658 944 1696 autem
959 1661 982 1697 et
997 1659 1068 1698 mater
1083 1653 1132 1713 ejus

170 1709 217 1754 rulo
229 1710 274 1754 illo.
668 1711 801 1759 mirabantur
819 1729 884 1774 super
901 1715 927 1761 iis
938 1729 994 1775 quac
1005 1716 1131 1761 dicebantur

205 1777 233 1818 18
251 1773 284 1819 Et
294 1787 371 1819 omnes
383 1772 420 1834 qui
432 1773 550 1820 audierunt
563 1774 635 1820 mirati
669 1775 696 1821 de
706 1793 741 1822 eo.
849 1816 854 1826 .

171 1846 223 1882 sunt
234 1853 266 1889 ea,
278 1838 394 1898 quaeipsis
404 1836 635 1899 dictafuerantnpas-
700 1843 733 1884 34
749 1838 782 1884 Et
792 1839 903 1885 benedixit
913 1839 945 1886 eir
958 1841 1055 1893 Simeon,
1065 1841 1130 1887 dixit-

171 1902 254 1946 toribus
265 1901 314 1946 illis.
667 1918 711 1962 que
723 1903 810 1949 Mariae
821 1903 885 1948 matri
896 1905 950 1965 ejus,
962 1903 1031 1959 Ecce,
1047 1906 1132 1965 positus

206 1969 235 2012 19
252 1964 326 2010 Maria
335 1963 389 2012 verri
400 1965 443 2012 ista
454 1965 530 2011 omnia
544 1981 634 2012 conser·
667 1976 701 2012 est
720 1967 762 2012 iste
781 1967 803 2012 in
820 1981 894 2012 casum
912 1975 935 2013 et
950 1969 1132 2015 resurrectionem

171 2029 241 2082 rabat,
253 2029 368 2074 conferens
379 2045 406 2076 eo
418 2031 441 2075 in
453 2029 520 2075 corde
531 2045 578 2076 suo.
667 2031 788 2076 multorum
798 2029 821 2076 in
834 2029 909 2085 Israel.
926 2039 950 2078 et
962 2032 984 2078 in
997 2033 1086 2095 signum
1097 2033 1131 2079 cui

202 2097 234 2138 20
251 2092 344 2138 Reversi
367 2100 419 2139 sunt
441 2100 515 2140 autem
537 2101 635 2154 pastores
667 2093 844 2142 contradicatur:

171 2155 318 2218 glorificantes
333 2165 356 2204 et
370 2157 487 2204 laudantes
503 2156 579 2203 Deum
597 2174 634 2203 su·
699 2163 730 2204 35
749 2159 823 2220 (Quin
840 2167 863 2206 et
879 2166 939 2205 tuam
956 2159 1023 2222 ipsius
1036 2162 1131 2207 animam

171 2236 209 2282 per
222 2219 330 2274 omn'sstus,
347 2236 404 2282 quse
414 2222 529 2267 audierant
539 2229 562 2267 et
573 2221 635 2267 vide·
667 2223 760 2283 trajiciet
786 2221 884 2282 gladius)
913 2231 938 2269 ut
957 2233 1084 2285 retegantur
1103 2239 1130 2271 ex

171 2291 225 2338 rant,
237 2292 303 2346 prout
313 2285 365 2346 ipsis
377 2287 461 2331 dictum
472 2284 549 2330 iuerat
669 2286 744 2331 multis
755 2287 857 2331 cordibus
866 2287 1020 2346 cogitationes.

202 2352 230 2395 21
250 2353 266 2410 1
278 2349 311 2395 Εῑ
321 2365 389 2410 quum
401 2349 528 2395 advenisset
538 2349 584 2396 dies
596 2365 635 2396 oc·
701 2353 733 2394 56
749 2348 806 2393 Erat
812 2349 877 2394 etiarn
885 2352 997 2408 quaedam
1006 2349 1074 2395 Arma
1079 2366 1130 2410 pro·

170 2422 234 2460 tavus
251 2413 279 2460 sd
294 2412 496 2460 circumcidendum
512 2413 635 2474 puerulum,
668 2413 771 2474 phetisso,
780 2410 824 2457 iilia
834 2411 959 2467 l‘lrauuelis,
969 2427 997 2458 ex
1006 2414 1064 2458 tribu
1073 2413 1129 2459 Ase-

171 2485 273 2524 roeatum
280 2485 313 2524 est
319 2493 400 2523 nomen
407 2478 456 2538 ejus
463 2475 571 2532 JESUS,
577 2477 635 2537 quod
669 2477 705 2530 ris,
715 2475 851 2537 provectam
860 2475 952 2521 multam
961 2483 1061 2531 aetatem,
1070 2485 1130 2538 post·

171 2548 274 2588 vocatum
282 2541 353 2588 fuerat
368 2543 396 2587 ab
412 2541 493 2601 angelo
509 2541 635 2603 priusquam
668 2555 734 2601 quam
754 2540 846 2586 uixisset
864 2553 916 2585 cum
932 2540 981 2586 viro
997 2555 1068 2588 annos
1082 2557 1130 2603 sep·

170 2605 216 2667 ipse
227 2606 250 2652 in
261 2613 324 2652 utero
335 2606 497 2666 conciperetur.
668 2613 714 2651 tem
725 2620 739 2650 a
750 2604 876 2665 virginitate
886 2601 939 2651 sui:

202 2674 234 2715 22
249 2673 266 2730 q
276 2669 307 2715 Et
315 2685 384 2730 quum
394 2667 477 2728 impleti
486 2669 579 2715 fiderent
589 2669 636 2714 dies
700 2673 732 2716 37
749 2668 781 2715 Et
792 2685 862 2730 quum
873 2677 928 2716 esset
938 2669 1005 2716 vidua
1016 2669 1077 2730 quasi
1091 2685 1129 2716 an·

171 2734 306 2795 purgationis
318 2733 414 2785 Mariae,
431 2730 551 2778 secundim
562 2733 635 2794 legem
668 2748 748 2778 norum
759 2734 873 2795 octoginta
883 2740 983 2794 quatuor,
999 2750 1044 2780 non
1056 2735 1131 2780 absce-

173 2797 251 2851 illosis,
271 2798 413 2844 adduxerunt
431 2791 481 2842 euni
501 2796 634 2857 Hierosoly·
668 2797 732 2843 debat
748 2812 761 2843 a
777 2797 865 2859 templo,
880 2799 970 2859 jejuniis
986 2814 1012 2845 ac
1029 2799 1132 2858 depreca-

172 2875 236 2916 mam,
248 2869 272 2906 ut
283 2863 388 2908 sisterent
399 2875 450 2906 eum
463 2859 580 2917 Domino;
667 2861 763 2910 tionibus
782 2863 880 2908 serviens
899 2864 976 2909 Deum
998 2871 1087 2908 noctem
1107 2875 1133 2908 sc

203 2929 234 2972 2³
249 2923 574 2988 (Proutscriptumestinlege
582 2923 633 2970 Do·
668 2925 734 2972 diem.

172 2988 230 3040 mini.
252 2989 330 3035 Omnis
348 2988 460 3034 masculus
475 2989 636 3050 primogenitus
700 2994 732 3035 38
750 2987 815 3034 Haec
826 2988 895 3049 igitur
910 3005 938 3035 eo
954 2989 1003 3048 ipso
1019 3001 1133 3033 momento

174 3062 259 3098 micros
271 3053 374 3098 Domino
386 3051 428 3097 erit
436 3049 456 3110 ;)
668 3068 736 3112 quum
757 3052 927 3110 supervenisset,
949 3052 1046 3095 vicissim
1062 3051 1133 3110 palam

204 3120 234 3161 24
252 3117 283 3162 Et
294 3126 319 3162 ut
327 3118 408 3161 darent
416 3116 546 3162 oblationem
556 3131 635 3161 secun·
668 3115 802 3176 agnoscebat
819 3112 951 3164 Dominum,
968 3122 991 3158 et
1007 3113 1133 3171 loquebatur

174 3175 223 3224 irim
240 3181 336 3240 r'dquod
348 3179 432 3224 dictum
443 3182 510 3226 estin
521 3179 571 3240 lege
584 3179 635 3224 Do·
668 3179 696 3226 de
707 3193 734 3224 eo
745 3177 846 3222 omnibus
857 3174 894 3234 qui
906 3176 1077 3236 redemptionem
1094 3191 1133 3222 exa

173 3244 230 3296 mini,
249 3245 293 3290 Par
309 3251 429 3297 turturum,
449 3244 553 3290 autduos
564 3242 636 3304 pullos
670 3241 786 3305 pectebant
803 3238 974 3299 Hierosolymis.

174 3307 329 3354 columbarum.
702 3311 734 3353 59
751 3305 783 3350 At
802 3304 839 3349 itti
858 3311 882 3347 ut
900 3302 1040 3364 perfecerunt
1061 3303 1133 3352 omnia

204 3375 235 3418 25
253 3371 285 3417 Et
296 3387 355 3424 ecce,
367 3371 455 3430 quidam
466 3379 513 3418 erat
525 3369 636 3416 llieroso-
670 3365 791 3416 secundrlm
800 3368 872 3428 legem
883 3367 984 3421 Domini,
993 3365 1073 3411 reversi
1082 3379 1132 3414 sunt

175 3432 244 3493 imnis,
264 3436 298 3480 cui
317 3449 400 3480 nomen
418 3435 525 3482 Simeon:
544 3442 639 3494 eratque
670 3435 693 3480 in
710 3433 839 3484 Golilocam
857 3433 879 3476 in
892 3433 967 3478 urbem
979 3445 1041 3476 suam
1054 3429 1128 3478 Nona·

175 3498 239 3544 inmo
250 3498 375 3558 istejustus
386 3513 411 3544 ac
422 3499 545 3560 religiosus,
556 3511 637 3557 expec-
672 3499 770 3544 rethom:

176 3574 223 3608 ‘ans
233 3561 409 3608 consolationem
421 3560 506 3619 Israel;
529 3567 552 3608 et
569 3561 637 3622 Spiri·
702 3565 735 3607 40
751 3563 767 3620 ⁴1
783 3558 892 3605 Puerulus
903 3564 975 3604 autern
985 3559 1101 3610 crescebat,
1111 3571 1130 3604 et

177 3639 209 3672 ors
222 3625 317 3671 Sanctus
329 3633 376 3670 erat
387 3640 451 3687 super
462 3641 520 3671 eum.
670 3624 851 3671 corroborabatur
861 3622 949 3682 Spiritu.
962 3622 1129 3683 implebaturqur

207 3691 238 3736 ‘ts
255 3687 382 3746 Fueratque
400 3689 440 3750 ipsi
457 3684 562 3735 diuinitrls
578 3702 636 3732 nun·
670 3684 782 3750 sapientiai,
805 3692 828 3732 et
851 3685 895 3732 Dei
915 3687 986 3749 gratia
1005 3693 1051 3733 crat
1068 3701 1129 3749 super

178 3755 255 3796 ’tntum
268 3767 281 3798 a
293 3752 376 3812 Spiritu
394 3756 482 3804 Sancto.
500 3755 575 3813 tirsum
592 3765 636 3795 non
670 3767 721 3800 oum

381 3825 412 3864 65
