2756 4320
30 405 32 462 i

26 1291 30 1384 ι

505 380 554 428 ro
576 359 751 438 nouenos
772 380 819 429 nr.

176 487 256 540 neunt,
273 485 353 532 omnia
369 485 436 532 simul
455 486 582 547 adjumento
600 501 649 534 esre
711 490 729 532 ³
745 483 1020 548 Optdn'menimegoipse
1028 493 1141 534 matroon

175 549 201 595 td
211 549 303 602 bouum,
316 549 343 595 iis
351 551 457 596 videlicet
468 550 505 610 qui
521 565 550 596 ex
566 566 647 612 propo-
678 566 728 596 esse
738 559 869 610 separaum
881 566 894 597 a
906 549 1003 603 Christo,
1019 565 1059 611 pro
1070 550 1134 597 freto

175 611 218 658 sito
229 614 304 672 psius
314 613 389 659 vocati
401 621 462 660 sunt.
679 615 719 660 bus
730 615 791 668 meis,
800 615 909 676 cognatis,
921 629 1023 676 trtquom,
1035 615 1090 661 meir
1106 630 1141 661 et·

209 680 239 722 29
257 676 320 721 Nem
349 691 406 736 quos
432 677 554 736 praenovit,
581 677 647 722 etiam
679 675 776 724 cundbm
788 689 894 724 carnemt

192 739 351 785 medestinavit
367 741 540 786 conformandos
556 741 646 802 imagini
711 746 727 786 4
745 742 790 795 Qui
802 750 854 787 sunt
866 741 990 788 Ismeniae:
1010 755 1142 803 qrronrmctt

189 802 229 848 'itii
240 804 281 856 sui,
299 811 325 849 ut
334 805 352 849 is
364 805 392 850 sit
409 804 571 866 primogenitus
589 805 647 850 inter
678 805 774 866 adoptio,
785 814 807 851 et
818 807 896 866 gloria,
905 814 928 851 et
938 806 1032 859 foedera,
1049 813 1071 852 et
1088 807 1143 868 tegit

178 866 260 912 multoe
270 866 359 914 fratres.
680 870 815 923 constitutio,
823 878 846 915 et
854 869 933 922 cultus,
942 879 965 915 et
972 869 1141 930 promissiones:

210 934 243 976 50
260 931 328 984 Quos
346 927 398 976 uerri
414 930 591 992 praedestinavit,
607 947 647 978 eoa
711 935 726 979 5
745 932 847 985 Quorum
854 941 907 979 sunt
916 941 995 993 potres,
1002 940 1025 978 et
1032 948 1060 978 ex
1067 935 1145 992 quibua

178 993 247 1040 etiatu
264 994 367 1040 vocavit:
389 1003 413 1040 et
421 1009 477 1054 quos
495 995 588 1049 vocavit,
607 1011 647 1042 eos
677 1003 710 1042 est
723 994 832 1049 Christus,
849 993 907 1056 quiid
918 997 945 1042 ad
956 1011 1043 1042 comem
1060 998 1144 1054 attirtet,

181 1057 245 1105 stiam
252 1058 398 1119 justificavit:
417 1073 474 1118 quot
484 1058 646 1121 tutemjustiii·
678 1059 717 1118 qui
728 1067 761 1105 est
773 1075 838 1120 supra
849 1075 927 1105 omnes
944 1059 1008 1105 Deus
1024 1060 1144 1108 laudandus

185 1122 292 1168 'aviteos
303 1122 368 1167 etiam
380 1121 518 1182 glorificavit.
679 1123 702 1168 in
714 1123 795 1169 secula.
828 1123 911 1169 Amen.

210 1188 238 1230 at
261 1184 324 1238 Quid
334 1186 403 1246 igitur
417 1187 515 1232 dicemus
530 1185 648 1233 adhaec?
712 1186 804 1232 61⁴*ten'
821 1183 874 1232 vcrd
890 1201 935 1232 non
951 1194 1024 1247 potest
1041 1195 1067 1233 ut
1082 1203 1142 1234 extr·
1212 1241 1216 1248 ¹

180 1247 276 1295 uiDeus
287 1264 328 1310 pro
339 1250 408 1304 nobis,
417 1250 467 1310 quis
477 1257 555 1296 contra
563 1250 623 1297 nos?
679 1250 736 1296 derit
755 1265 828 1296 senno
846 1250 907 1296 Dei:
928 1265 973 1295 non
991 1251 1050 1296 enirn
1066 1267 1143 1298 omnes

211 1317 243 1358 32
261 1311 286 1358 Is
297 1308 385 1372 quidem
393 1315 430 1374 qui
439 1315 528 1374 proprio
537 1313 594 1360 Filio
602 1329 647 1360 non
679 1315 716 1374 qui
727 1323 780 1360 suut
791 1329 820 1360 ex
827 1322 896 1374 patre
908 1311 996 1368 israele,
1012 1323 1066 1362 tunt
1084 1313 1142 1364 lora·
1158 1315 1161 1328 '

179 1377 283 1437 pepercit,
295 1375 334 1422 sed
344 1391 385 1437 pro
396 1378 459 1423 nobis
470 1378 571 1423 omnibus
579 1379 647 1424 tradi·
679 1378 717 1432 el;

179 1441 211 1485 dit
222 1455 281 1494 eum,
290 1440 327 1500 qui
339 1455 384 1486 non
393 1441 459 1487 etiam
467 1456 518 1487 oum
529 1457 557 1488 eo
573 1442 647 1488 omnia
712 1447 726 1488 7
744 1441 824 1503 Neque
835 1441 871 1502 qui
882 1448 936 1489 tunt
951 1457 1026 1488 semen
1042 1443 1142 1491 Abraba-

179 1503 429 1565 nobisgratiiicsbitur?
679 1505 717 1560 mi,
740 1508 789 1553 t'deo
811 1519 889 1553 omnes
910 1515 964 1553 sunt
981 1507 1033 1554 iiiii:
1060 1509 1099 1554 sed
1120 1509 1141 1556 in

214 1572 248 1613 55
266 1567 324 1620 Quis
335 1568 451 1614 intentabit
459 1569 551 1615 crimina
566 1568 646 1615 adver·
680 1567 758 1616 Isaaco
768 1572 882 1617 vocabitur
893 1572 929 1617 tibi
942 1586 1024 1617 semen.

179 1627 218 1676 stis
228 1631 312 1678 electos
324 1631 390 1678 Dei?
407 1629 541 1680 Deusitett
552 1633 646 1696 quijus·
711 1639 726 1678 8
744 1633 797 1680 Hoc
808 1643 848 1687 est,
864 1649 908 1680 non
925 1635 962 1694 qui
978 1635 1017 1680 filii
1034 1634 1112 1688 carnis,
1128 1636 1142 1681 ii

180 1695 257 1740 titicat.
678 1696 717 1742 tilii
735 1697 794 1746 Dei:
814 1699 853 1744 sed
868 1701 905 1757 qui
921 1705 975 1744 sunt
993 1698 1031 1743 titii
1049 1701 1141 1760 promis·

210 1763 244 1804 34
256 1758 314 1812 Quis
321 1766 355 1804 est
363 1759 400 1820 qui
406 1759 555 1806 condemnet?
568 1758 645 1808 Chris·
679 1762 747 1807 sionis
758 1769 876 1807 censentur
887 1762 909 1806 in
921 1762 1011 1806 semine.

179 1829 218 1868 tus
228 1824 248 1868 is
259 1830 290 1868 est
301 1823 338 1882 qui
350 1831 452 1869 mortuus
470 1833 511 1878 est,
531 1821 576 1870 imd
593 1822 647 1870 verd
698 1831 727 1877 ,9
745 1823 900 1870 l‘romissionis
911 1825 970 1869 enim
979 1839 1051 1869 sermo
1060 1824 1095 1870 hic
1103 1835 1142 1880 est,

178 1887 219 1946 qui
235 1899 302 1932 enam
319 1887 437 1933 suscitatus
453 1895 504 1944 est;
523 1889 560 1947 qui
579 1889 645 1934 etiarn
680 1887 734 1933 Hoc
745 1887 794 1948 ipso
803 1896 901 1948 tempore
911 1887 1005 1941 veniam,
1017 1895 1039 1932 et
1049 1889 1091 1933 en't
1103 1888 1142 1934 Se·

178 1957 213 1995 est
224 1951 252 1996 ad
262 1951 362 1995 dextram
375 1950 437 2008 Dei;
454 1952 490 2011 qui
502 1952 568 1998 etiam
577 1953 644 1998 inter·
679 1967 716 1997 roe
724 1950 788 1997 titius.

178 2014 245 2075 pellat
255 2015 376 2075 pronobit.
713 2018 743 2061 10
759 2015 840 2074 Neque
850 2014 888 2060 lrr'o
904 2010 983 2069 soibm,
1001 2014 1040 2060 sed
1056 2022 1079 2060 et
1095 2014 1142 2061 Re·

210 2080 243 2124 35
261 2077 319 2130 Quin
330 2093 371 2124 nos
388 2080 495 2138 separabit
512 2093 525 2124 a
541 2079 643 2126 charitate
677 2078 749 2133 becca,
760 2094 828 2140 quum
839 2093 868 2124 ex
877 2093 921 2125 uno
930 2079 1071 2140 concepisset,
1080 2095 1142 2126 ners-

144 2165 149 2173 .
181 2138 286 2188 Christi?
300 2157 357 2188 rrum
369 2143 466 2195 afflictio,
476 2143 645 2203 nunrangustiat
675 2142 901 2204 peexlsaocopatre
911 2151 994 2196 nostro,
1003 2145 1139 2204 haecetper·

179 2218 233 2250 num
251 2206 399 2266 persequutio,
418 2221 472 2251 num
493 2206 569 2258 fames,
592 2221 645 2251 num
677 2213 702 2251 ta
714 2215 764 2260 est,

178 2269 272 2322 nuditas,
283 2285 336 2314 num
344 2270 473 2330 periculum,
482 2285 535 2315 num
543 2269 647 2330 gladius’
713 2274 739 2315 ll
760 2269 881 2331 (Nondum
903 2269 961 2314 eninr
980 2270 1038 2315 nutis
1055 2273 1141 2328 pueris,

210 2337 242 2379 36
260 2333 335 2395 (Sicut
346 2333 454 2394 scripturn
465 2343 505 2386 est,
520 2333 564 2378 Tui
581 2332 647 2379 causis
678 2347 747 2389 quum
758 2333 814 2378 nibil
824 2332 928 2377 fecissent
936 2333 987 2376 boni
999 2332 1035 2377 vei
1044 2333 1101 2385 maii,
1120 2343 1142 2380 ut

178 2396 297 2442 occidimur
307 2403 380 2442 totum
396 2397 471 2452 diem;
488 2397 553 2442 babiti
570 2411 648 2443 sumus
677 2417 685 2456 p
706 2397 816 2456 opositum
834 2395 880 2440 Dei
896 2395 956 2454 quod
971 2404 1003 2442 est
1023 2395 1142 2443 secundum

178 2460 238 2505 velut
248 2475 302 2506 ores
313 2461 436 2506 destinatae
444 2458 589 2520 mactationi.)
678 2462 750 2518 ipsene
761 2459 898 2510 electionem,
914 2460 939 2503 id
950 2466 988 2511 est,
1001 2473 1045 2504 non
1052 2473 1081 2504 ex
1090 2476 1142 2520 ope-

208 2527 239 2570 at
257 2521 309 2569 Imd
319 2524 342 2569 in
356 2524 390 2568 his
401 2525 503 2569 omnibus
514 2521 563 2584 plits
579 2513 648 2582 quitm'
678 2524 743 2576 ribus,
755 2523 794 2569 sed
802 2538 831 2568 ex
842 2524 1049 2586 t'ocariteflrmttm
1067 2538 1141 2571 mane·

179 2587 275 2634 victores
286 2602 370 2640 sumus,
387 2603 427 2648 per
443 2602 494 2632 eum
512 2588 550 2648 qui
570 2588 646 2633 dilexit
678 2585 740 2645 ret3)

178 2665 227 2696 nos.
466 2646 467 2650 ’
712 2654 740 2695 1‘2
758 2650 851 2696 Dictum
869 2657 903 2695 est
921 2651 955 2705 ei,
969 2651 1046 2714 Major
1063 2654 1141 2700 serviet

208 2718 239 2759 38
257 2713 318 2761 Ntun
325 2714 379 2759 mihi
389 2728 517 2774 persuasum
525 2722 564 2766 est,
575 2729 645 2774 neque
676 2715 763 2760 minori.

179 2785 279 2831 mortem,
291 2793 365 2838 neque
377 2779 452 2831 vitam,
464 2791 535 2838 neque
546 2778 644 2837 angelos,
710 2782 740 2823 15
759 2779 821 2825 Sicut
830 2779 934 2840 scriptum
943 2788 983 2835 cst,
993 2779 1102 2828 Jocabor.
1108 2781 1141 2826 di·

177 2855 248 2902 neque
263 2843 407 2902 principatus,
424 2855 497 2900 neque
517 2847 643 2902 potestates,
675 2841 838 2894 texturarum
850 2844 901 2889 odio
912 2845 984 2890 habui.

178 2920 248 2966 neque
258 2905 389 2966 praesentia,
402 2919 473 2964 neque
484 2904 563 2958 sutura,
710 2909 739 2950 14
757 2906 818 2958 Quid
829 2905 1018 2965 igiturdicemus?
1035 2904 1098 2951 Num
1106 2906 1141 2952 iu·

207 2973 240 3016 59
268 2968 351 3028 Neque
377 2966 540 3022 sublimitatem,
572 2983 644 3028 neque
668 2968 974 3032 JustitiaettapudDeumi’
991 2967 1063 3012 Absit.

177 3032 356 3094 profunditatem,
374 3045 446 3090 neque
457 3031 524 3076 uliam
540 3045 587 3076 rem
603 3032 643 3078 ali-
710 3035 739 3078 15
757 3031 817 3076 Nam
830 3031 891 3074 Mosi
902 3032 961 3082 dicit,
969 3030 1095 3074 Miserebor
1102 3045 1141 3076 cu·

176 3109 211 3141 arn
223 3103 321 3142 creatam
332 3110 399 3156 posse
410 3109 451 3139 nos
462 3109 563 3154 seperare
573 3096 644 3142 neba-
671 3097 710 3157 jus
721 3095 824 3140 misertus
839 3091 910 3145 suero,
929 3103 953 3137 et
971 3091 1138 3139 commiserabot

176 3159 240 3206 ritate
250 3159 303 3210 Dei,
315 3173 372 3218 quae
388 3165 423 3204 est
440 3157 462 3203 in
481 3157 572 3206 Christo
589 3157 644 3206 Jesu
676 3172 742 3218 quem
754 3155 923 3202 commiseratus
931 3154 1001 3200 suero.

179 3221 278 3269 Domino
290 3230 375 3268 nostro.
711 3225 741 3266 16
758 3218 847 3277 Nempe
862 3219 932 3278 igitur
947 3217 1024 3263 electio
1042 3231 1088 3263 non
1108 3227 1140 3266 ott

630 3295 635 3306 “
676 3283 772 3345 ejusqui
784 3281 843 3333 velit,
860 3296 932 3341 neque
942 3283 990 3342 ejus
1006 3280 1043 3340 qui
1059 3290 1140 3336 cumi,

340 3346 415 3394 CAP.
440 3345 486 3392 lx.
677 3348 717 3394 sed
727 3348 774 3408 ejus
785 3345 822 3405 qui
833 3345 955 3394 miseretur,
966 3359 1046 3403 nenrpc
1055 3342 1108 3389 Dei.

214 3409 378 3484 ῙΕΚΙΤΑΤ
379 3410 432 3456 ΕΜ
443 3411 494 3456 dico
509 3426 548 3472 per
566 3409 645 3458 Chris·
712 3414 740 3458 17
758 3409 821 3455 Dicit
830 3409 888 3453 enim
902 3407 1015 3465 Scriptura
1024 3405 1139 3464 Pharaoni,

276 3483 331 3526 tum,
346 3489 391 3519 non
408 3474 510 3526 mentior,
528 3481 646 3520 attestante
678 3473 716 3520 Aa
727 3475 769 3519 hoc
780 3473 851 3534 ipsum
868 3471 962 3515 excitavi
980 3478 1008 3523 te,
1025 3477 1050 3516 ut
1065 3478 1138 3517 osten·

179 3538 231 3584 mibi
243 3538 308 3584 dmui
320 3533 457 3583 consciendi
467 3535 517 3582 meai
526 3553 566 3596 per
576 3537 645 3598 Spiri·
677 3538 728 3583 dam
737 3537 760 3581 in
772 3544 794 3581 te
804 3533 924 3595 potentiam
936 3546 1014 3586 meam,
1031 3542 1055 3580 et
1064 3543 1090 3580 ut
1099 3549 1136 3583 an.

181 3608 227 3648 bun
237 3601 364 3656 Sanctum
677 3599 794 3646 nuncietur
806 3609 887 3642 nomen
898 3609 972 3640 mcum
983 3595 1006 3640 in
1018 3595 1065 3643 totis
1075 3597 1136 3646 tern't

210 3668 226 3710 2
244 3664 355 3726 Magnam
367 3663 421 3708 mihi
433 3661 543 3708 tristitiem
555 3677 609 3715 ente,
623 3670 646 3709 et
712 3666 741 3707 18
759 3658 837 3720 Itaque
858 3659 921 3719 cujus
942 3657 991 3703 vult
1017 3662 1132 3710 miseretur

182 3737 308 3789 strpetuunt
319 3727 442 3774 cruciatum
453 3726 513 3772 cordi
524 3741 581 3771 meo.
678 3739 743 3786 quem
754 3729 827 3769 autem
839 3721 887 3768 vult
898 3720 991 3768 indurat.
