2756 4320
575 385 739 444 JOANNES,
754 387 827 435 VIII.

231 497 254 546 ut
271 499 303 545 tui
319 496 479 546 accusatores?
504 509 571 543 nemo
592 501 616 542 te
631 510 686 542 con·
750 497 781 540 24
799 491 854 540 Ideo
867 495 928 541 vobis
939 495 991 549 dixi,
1009 495 1184 544 rosmarinum

225 561 356 610 denrmvit?
718 558 741 604 in
752 559 847 619 peccatis
858 559 952 605 vestris:
972 575 1023 605 nom
1035 559 1078 606 nisi
1088 560 1177 606 credide

259 629 285 672 11
306 623 358 688 ipsa
375 621 428 670 verd
447 623 508 677 dixit,
529 621 611 677 Nemo,
635 621 687 668 Do-
718 622 766 668 ritis
776 637 813 668 me
823 638 874 668 eum
886 639 941 678 esse,
960 624 1084 670 moriemini
1096 628 1119 670 in
1136 639 1175 686 pec

225 690 291 735 mine.
324 689 390 736 Dixit
408 695 482 734 autern
501 687 521 733 ei
540 686 614 741 Jesus,
638 685 688 732 Nec
718 686 870 732 catisuestris
903 713 905 718 ·

224 753 452 814 egotceondemno:
476 752 539 805 vade,
555 759 579 796 et
595 765 623 796 ne
639 765 687 795 arn·
753 751 783 796 25
802 749 981 811 Dixeruntcrgo
993 751 1021 804 ci,
1033 751 1070 796 Tu
1082 752 1166 811 quises

225 815 365 879 piitippeeen.
629 827 633 832 ·
721 813 782 859 Tum
794 814 849 858 dixit
860 815 892 859 eis
900 814 974 868 Jesus,
988 817 1018 861 lu
1028 815 1173 877 quodapriu

259 885 288 928 12
304 885 320 942 q
335 880 434 926 Rursum
450 895 506 940 ergo
523 877 590 926 Jesus
606 878 638 924 eis
654 875 688 922 lo·
721 877 778 938 cipio
790 877 839 923 dieo
847 879 916 924 vobis.

225 952 307 1005 quotus
321 952 361 999 est,
378 945 460 997 dicens,
479 941 532 1004 Ego
543 957 592 987 sum
604 941 642 987 lux
653 940 704 988 itta·
754 945 785 986 26
803 941 878 987 Multo
889 942 958 988 babeo
969 957 1025 1002 quae
1035 942 1063 988 de
1074 943 1136 990 vobis
1151 943 1178 989 lo

226 1009 314 1055 mundi:
333 1009 369 1069 qui
383 1007 481 1068 sequitur
496 1021 539 1060 me,
555 1021 601 1051 non
612 1006 688 1052 ambu-
720 1019 775 1065 quur
785 1019 811 1050 ac
824 1005 937 1066 judicem
954 1007 992 1052 sed
1010 1007 1046 1067 qui
1066 1021 1102 1052 me
1118 1007 1187 1062 misit,

226 1071 277 1119 iabit
293 1073 316 1118 in
334 1072 436 1126 tenebris,
456 1070 495 1117 sed
512 1070 598 1116 habebit
614 1069 689 1115 iumen
721 1078 792 1114 verax
800 1078 851 1125 θεῖς
868 1077 891 1115 et
901 1085 945 1130 ego
961 1085 1017 1130 quae
1028 1069 1100 1116 audivi
1112 1072 1186 1126 abeo,

227 1137 292 1182 ritae
721 1132 967 1192 haecioquormundo.

260 1204 290 1246 13
308 1199 418 1246 Pharisaei
427 1199 495 1260 igitur
503 1195 640 1250 dixeruutei,
652 1195 690 1242 Tu
754 1199 785 1243 27
801 1195 857 1242 Non
864 1205 1018 1258 cognoverunt
1026 1214 1077 1244 cum
1085 1197 1112 1244 de
1122 1197 1199 1248 Patro

226 1263 335 1325 deteipso
346 1264 448 1310 testaris:
467 1262 690 1308 testimoniumtuum
722 1259 762 1306 sibi
770 1262 827 1306 bueo
838 1260 918 1307 dicere.
1152 1310 1156 1320 „

226 1335 314 1374 nonest
325 1326 421 1373 firmum.
755 1328 786 1370 28
799 1323 865 1370 Dixit
873 1341 927 1387 ergo
936 1325 1046 1380 eisJesus,
1056 1325 1133 1379 Quum
1140 1341 1190 1372 suo·

261 1394 291 1436 14
307 1391 432 1452 Respondit
443 1389 517 1443 Jesus,
536 1395 559 1434 et
576 1389 632 1434 dixit
651 1389 690 1442 eis,
722 1389 817 1435 tuleritis
828 1388 910 1435 Filium
922 1390 1023 1444 hominis,
1041 1396 1093 1436 tunc
1104 1406 1189 1452 agnos-

227 1453 322 1501 Etiamsi
333 1471 377 1518 ego
388 1462 457 1500 testor
465 1454 493 1500 de
501 1453 593 1514 meipso,
602 1451 690 1498 tirenum
722 1454 777 1499 cetis
787 1468 824 1500 me
834 1469 886 1499 eum
898 1470 953 1508 esse,
973 1462 995 1500 et
1006 1469 1020 1500 a
1030 1454 1115 1515 meipso
1134 1454 1190 1500 nihii

226 1527 259 1564 eat
281 1518 431 1564 testimonium
453 1532 545 1573 meum3
572 1518 624 1578 quia
645 1517 691 1564 scio
722 1516 810 1574 sacere3
827 1517 865 1564 sed
885 1525 950 1582 prout
968 1517 1042 1564 docuit
1062 1533 1097 1565 me
1114 1517 1189 1574 Pater,

228 1583 286 1628 unde
306 1583 410 1636 venerim,
429 1589 453 1628 et
471 1579 516 1642 qud
535 1581 631 1628 vadam:
650 1597 692 1628 vos
723 1581 854 1642 haccicqui.

228 1653 302 1692 cutem
314 1647 403 1692 nescitis
412 1646 470 1692 unde
482 1645 587 1700 venerim,
606 1653 629 1692 et
647 1642 692 1706 qud
755 1650 787 1693 29
804 1645 864 1692 Nam
876 1647 912 1708 qui
924 1647 1032 1700 memisit,
1044 1662 1130 1692 meeum
1140 1654 1188 1693 est:

228 1711 313 1767 vadem.
653 1719 656 1728 ’
724 1723 769 1755 non
784 1710 870 1770 reliquit
878 1725 914 1756 me
923 1711 994 1756 solum
1006 1711 1191 1772 Patenquiaego

261 1778 289 1821 15
301 1773 351 1821 Vos
359 1771 692 1836 secunddmcamemjudicatis:
724 1789 781 1835 qnae
791 1774 871 1835 placita
881 1782 932 1820 sunt
944 1774 1029 1820 eisaeio
1040 1789 1133 1834 semper.

227 1854 270 1900 ego
281 1855 326 1886 non
333 1839 409 1900 Judieo
421 1853 552 1900 quenquam.
756 1842 789 1884 50
806 1837 871 1884 Haec
882 1839 919 1884 ilio
931 1837 1034 1900 loquente
1043 1838 1105 1884 multi
1114 1838 1187 1884 credi·

262 1907 290 1949 16
309 1903 404 1956 Quodsi
416 1904 482 1950 etiarn
497 1903 620 1965 judicarent
641 1917 691 1964 ego,
725 1901 838 1949 demntin
850 1906 908 1948 euin.

87 1956 91 1960 ¹
147 2018 150 2024 .
226 1966 330 2028 iudicium
352 1981 426 2013 meum
443 1967 532 2012 firmum
550 1975 623 2013 esset:
643 1967 694 2026 quia
756 1969 815 2026 311
827 1965 1190 2028 DicebotergoJesusiisJudaein

228 2031 288 2076 aulus
299 2045 344 2076 non
364 2045 419 2085 sum,
432 2031 470 2076 sed
486 2047 534 2092 ego
552 2039 575 2077 et
586 2029 621 2091 qui
634 2031 693 2076 misit
725 2029 762 2090 qui
774 2030 911 2076 crediderant
921 2030 969 2092 ipsi,
989 2031 1011 2078 Si
1024 2047 1064 2076 vos
1083 2031 1191 2077 manseri-

157 2110 160 2122 ·
227 2109 263 2140 me
276 2093 349 2142 Pater.
726 2094 754 2138 tis
770 2092 793 2140 in
813 2109 915 2140 sennone
936 2109 994 2148 meo,
1017 2090 1070 2140 verd
1091 2093 1190 2156 discipuii

261 2161 290 2204 17
308 2157 352 2202 Sed
360 2163 383 2202 et
393 2155 416 2202 in
424 2155 475 2218 iege
494 2154 569 2205 vestri
587 2157 693 2218 scriptum
726 2157 769 2202 mei
781 2157 848 2203 eritis.

227 2227 266 2276 est,
293 2220 387 2267 duorum
407 2222 521 2268 hominum
543 2221 694 2269 testimonium
758 2225 790 2266 ³2
803 2221 1179 2282 Eteognoscetisveritntem,etvc

227 2285 316 2331 firmum
327 2301 383 2332 esse.
726 2284 778 2331 ritas
790 2301 830 2331 vos
841 2286 863 2331 in
873 2287 993 2331 libertatem
1005 2287 1129 2332 vindicabit

262 2353 291 2395 18
308 2349 362 2411 Ego
373 2352 393 2397 is
404 2365 453 2396 sum
465 2351 502 2410 qui
518 2357 588 2396 testor
599 2349 627 2396 de
645 2365 692 2395 me·
757 2353 789 2394 53
806 2349 978 2410 Responderunt
985 2351 1011 2404 ei,
1025 2349 1105 2396 Semen
1118 2351 1191 2398 Abra-

227 2413 281 2476 ipso,
293 2421 316 2460 et
328 2421 420 2460 testatur
431 2415 458 2461 de
469 2429 505 2462 me
521 2415 558 2476 qui
578 2414 637 2460 misit
657 2429 693 2460 me
724 2413 783 2460 humi
795 2427 878 2466 sumus,
896 2429 966 2474 neque
977 2414 1078 2474 cuiquam
1097 2416 1190 2460 servivi·

229 2477 304 2526 Pater.
724 2491 774 2522 mus
785 2493 896 2538 unquam:
917 2478 1127 2538 quomodotudicis,
1141 2478 1191 2525 Vos

261 2546 291 2590 19
309 2541 420 2588 Dicebant
431 2558 486 2603 ergo
497 2541 524 2595 ei,
538 2539 583 2586 Ubt
595 2547 628 2587 est
640 2549 692 2587 tuus
724 2554 747 2586 tn
758 2541 879 2587 libertatem
888 2541 1070 2588 vindicabimini?

228 2605 263 2651 nte
277 2605 361 2652 Pater?
379 2605 503 2666 Respondit
519 2604 593 2658 Jesus,
612 2604 693 2666 Neque
756 2608 788 2649 54
805 2603 930 2667 Respondit
950 2606 982 2651 eis
1007 2604 1081 2658 Jesus,
1110 2605 1190 2661 Amen,

228 2683 264 2714 me
275 2668 349 2720 mistis,
367 2680 439 2728 neque
456 2668 545 2714 Patrem
563 2683 654 2714 meum:
674 2669 692 2714 si
724 2681 796 2722 amen,
808 2669 857 2714 dico
869 2669 938 2723 vobis,
950 2669 1047 2730 quisquis
1056 2685 1145 2731 operam
1154 2671 1189 2718 dn

228 2747 263 2779 me
280 2731 380 2786 nossetis,
404 2731 494 2777 Putrem
512 2747 600 2792 quoque
617 2747 692 2778 meum
724 2739 822 2793 peccato,
832 2748 910 2778 servus
921 2740 955 2778 est
965 2733 1057 2794 peccati.

225 2794 327 2850 disseris.
757 2799 789 2842 35
808 2797 891 2842 Servus
912 2805 985 2842 autem
1009 2812 1054 2843 non
1074 2803 1148 2844 menet
1166 2797 1188 2844 in

260 2864 292 2905 20
310 2859 374 2904 Haec
387 2858 609 2918 verbaloquutusest
624 2858 693 2907 Jesus
725 2859 792 2906 domo
814 2858 936 2922 perpetud:
963 2859 1022 2907 iilius
1043 2869 1118 2908 monet
1139 2877 1179 2924 per

228 2939 250 2970 in
261 2922 430 2985 gazophylacio,
451 2923 533 2969 docens
552 2923 575 2968 in
591 2923 690 2984 templo:
725 2921 799 2986 poturi.
1197 2956 1209 2990 ¹.

228 2996 250 3034 et
269 3003 335 3034 nemo
356 2987 472 3050 prehendit
490 3001 548 3042 eum,
566 2987 618 3047 quia
635 3003 692 3035 non·
757 2991 789 3034 36
806 2985 885 3048 Itaque
897 2987 915 3034 si
927 3003 967 3034 vos
979 2986 1049 3034 Filius
1064 2989 1088 3034 in
1104 2988 1190 3037 liberta·

228 3053 279 3099 dum
291 3058 382 3098 venerat
391 3051 429 3098 illu
437 3051 504 3112 ipsius
515 3052 575 3098 born.
726 3057 770 3097 tem
782 3050 904 3105 vindieinit,
917 3048 969 3098 verti
980 3053 1040 3098 liberi
1051 3053 1119 3100 eritis.

262 3119 290 3162 21
309 3119 327 3176 1
341 3115 407 3162 Dixit
418 3118 473 3178 ergo
484 3116 564 3162 iterum
575 3115 608 3161 eis
619 3114 692 3168 Jesus,
758 3118 789 3162 37
808 3116 859 3162 Seio
871 3131 912 3162 vos
923 3131 998 3162 acmen
1008 3116 1128 3162 Abrahami
1135 3131 1191 3172 esse,

231 3179 284 3242 Ego
295 3180 359 3233 vado,
370 3187 395 3226 et
403 3179 512 3240 quaeretis
523 3194 566 3232 me,
578 3188 601 3226 et
611 3179 634 3224 in
651 3179 693 3226 hoc
725 3179 765 3224 sed
781 3179 874 3226 studetis
890 3195 927 3226 me
941 3180 1057 3233 trucidare,
1075 3181 1127 3240 quia
1143 3196 1191 3226 ser·
1209 3175 1213 3181 ⁶

231 3251 320 3305 peceato
336 3252 412 3290 vestro
429 3243 570 3290 moriemini:
590 3240 636 3304 qud
649 3259 693 3304 ego
725 3257 763 3288 mo
774 3242 811 3289 iile
822 3259 885 3289 meus
896 3259 942 3289 non
958 3243 1023 3290 habet
1041 3243 1116 3290 locum
1133 3243 1191 3306 apud

231 3309 293 3361 rado,
305 3323 346 3354 vos
358 3323 402 3353 non
414 3307 506 3367 potestis
517 3307 599 3352 venire.
725 3321 773 3352 vos.

261 3375 293 3416 22
305 3371 414 3418 Dicebant
420 3386 475 3431 ergo
482 3369 498 3418 J
500 3370 568 3423 udaei,
576 3369 638 3414 Num
645 3377 692 3415 tru-
757 3373 789 3416 58
807 3368 860 3431 Ego
870 3369 950 3431 loquor
960 3371 1019 3430 quod
1026 3371 1070 3417 vidi
1079 3371 1137 3433 apud
1147 3369 1182 3420 Pa

230 3435 308 3480 tiabit
318 3432 475 3496 seipsum,'qui
494 3434 557 3486 dicat,
579 3430 632 3486 Qud
649 3449 693 3495 ego
725 3440 781 3479 trem
793 3449 883 3490 meum3
900 3442 923 3480 et
934 3451 974 3480 vos
991 3435 1062 3480 facitis
1080 3435 1142 3496 quod
1158 3435 1190 3489 vi·

232 3499 293 3545 vado.
307 3513 346 3543 vos
358 3513 402 3543 non
415 3499 505 3558 potestis
514 3497 607 3542 venire?
725 3497 787 3544 distis
798 3499 855 3560 apud
866 3505 951 3559 patrem
965 3508 1068 3544 vestrum.

263 3565 294 3606 25
310 3560 376 3606 Tunc
383 3562 438 3607 dixit
449 3562 487 3614 eis,
501 3560 549 3606 Vos
560 3576 588 3606 cx
596 3559 692 3607 Iocisin-
757 3566 789 3609 59
806 3563 979 3623 Responderunt
1000 3569 1023 3608 et
1044 3563 1147 3608 dixerant
1164 3560 1189 3616 ci

231 3623 361 3676 t'crnisestis,
370 3619 414 3684 ego
422 3639 470 3669 sum
480 3640 508 3670 ex
517 3625 632 3686 supernis:
653 3642 694 3672 vos
728 3623 882 3672 Patet-noster
896 3627 1036 3672 Abrahamus
1051 3633 1093 3672 est.
1128 3625 1189 3672 Dicit

230 3699 257 3733 ex
270 3687 311 3731 boc
322 3688 405 3732 mundo
416 3689 474 3740 estis,
487 3705 530 3748 ego
542 3703 584 3734 nor
599 3704 647 3734 sum
665 3705 693 3734 ex
726 3688 842 3740 eichsns,
864 3691 887 3735 Si
908 3689 945 3734 tilii
966 3690 1086 3735 Abmhami
1106 3689 1185 3737 esuri·

232 3759 272 3798 tor
280 3749 370 3796 mundo.
440 3813 485 3853 m
725 3763 791 3811 opem
806 3754 924 3800 ribrnbami
935 3752 1042 3800 faceretis.
