2720 4312
430 417 551 474 meost
569 415 745 476 aristoni.
768 417 812 475 1v,
826 418 855 466 V.

149 522 321 569 mntermtione
342 537 416 584 opera
437 537 478 568 sus
493 507 544 568 c'um
560 537 624 570 man·
656 529 804 577 conconatur.
824 529 846 569 et
864 521 970 584 gaudium
989 521 1012 568 in
1032 535 1117 570 mm

149 586 264 632 suetudine
276 587 412 647 saptentiae.
658 601 713 632 rem.

181 653 210 694 14
228 647 304 704 Quod
316 651 334 696 si
347 649 456 696 invidiam
473 664 569 696 amaram
586 652 626 697 hs·
693 653 722 696 10
734 649 907 698 Submittitevos
916 647 1120 712 inconspectuDo·

149 715 209 766 tretis,
220 722 245 760 et
256 715 411 760 irritationem
423 714 445 758 in
463 714 529 760 corde
545 725 627 768 vestro,
658 714 720 768 mini,
732 722 754 760 et
765 714 857 760 extollet
868 729 916 760 vos.

149 791 177 822 sc
188 777 330 838 gloriamini,
342 785 366 823 et
377 792 407 823 ne
423 777 541 824 mendaces
557 787 629 824 estote
694 781 719 823 ll
740 776 778 824 Ne
788 778 824 824 alii
836 775 941 824 adversis
952 777 1007 823 alios
1020 777 1121 837 loquimi-

150 839 259 887 sdverstis
272 842 404 888 veritatem.
660 841 690 894 ni,
705 841 800 887 iratres:
819 842 855 901 qui
873 841 969 901 loquitur
985 849 1063 888 contra
1079 841 1123 890 irs·

184 909 213 952 15
232 905 293 951 Non
307 915 342 952 est
352 903 466 950 ministr
473 904 580 966 sapientis
590 920 628 952 su·
660 912 724 958 trem,
743 905 824 965 quique
840 905 929 950 damnat
945 904 1035 951 fratrem
1052 920 1124 958 suunt.

152 965 220 1031 perosi
237 968 389 1022 descendeus,
411 968 451 1015 sed
467 976 559 1023 terrena,
581 969 629 1015 ani·
660 968 758 1029 loquitur
768 976 846 1015 contra
862 969 942 1030 legem,
954 978 976 1014 et
987 969 1077 1014 damnat
1092 967 1124 1016 ie·

153 1031 223 1086 mais,
236 1032 394 1078 daemoniaca.
660 1047 730 1094 geme
748 1029 808 1093 quid
818 1032 836 1077 si
847 1032 938 1080 damnas
953 1031 1032 1091 legens,
1044 1047 1090 1079 non
1101 1046 1125 1080 at

188 1100 218 1143 16
249 1095 300 1143 Ubi
313 1097 374 1141 enim
391 1094 474 1142 iustitiis
489 1102 560 1142 estet
576 1095 630 1151 rixa,
661 1097 790 1142 observator
800 1095 863 1156 legis,
875 1095 997 1154 sedjudex.

154 1158 183 1207 iii
206 1160 363 1214 mmultuatio,
384 1165 408 1205 et
427 1174 493 1206 omne
509 1175 566 1222 opus
580 1175 631 1222 pra·
696 1163 726 1205 ta
744 1158 811 1207 Unus
821 1167 856 1204 est
872 1159 985 1220 legislator
1000 1158 1037 1218 qui
1054 1165 1126 1220 potest

159 1237 218 1270 rum.
503 1275 509 1284 ¹
662 1237 751 1270 servare
766 1229 789 1268 et
808 1223 912 1284 perdere:
932 1228 956 1267 tu
974 1221 1023 1282 quis
1041 1237 1072 1277 es,
1090 1222 1127 1284 qni

191 1291 222 1336 tt
240 1286 311 1340 Quae
318 1292 393 1334 sutem
402 1282 536 1348 supernisst
544 1286 631 1348 sapien-
662 1288 754 1334 damnss
765 1285 850 1344 alium?

64 1352 69 1360 '
157 1349 194 1404 tis.
206 1348 309 1412 primum
320 1347 411 1411 quidim
427 1365 483 1412 puts
497 1359 538 1405 est,
553 1351 633 1398 deinde
698 1354 728 1396 13
744 1348 797 1410 Age
808 1351 910 1411 nuncqni
921 1349 999 1403 dicitis,
1007 1347 1119 1397 Hodiete

159 1414 260 1476 pacifica,
284 1413 405 1468 moderata,
424 1415 553 1475 obsequens,
568 1415 634 1476 plens
663 1429 712 1460 cras
722 1413 886 1476 proficiscemur
900 1414 922 1457 in
940 1413 999 1460 illam
1011 1415 1093 1467 urbem,
1105 1422 1127 1462 et

161 1477 335 1531 misericordiae,
354 1486 377 1524 et
388 1477 499 1524 fructuum
515 1479 632 1533 bonorum,
663 1493 755 1540 agemus
766 1477 794 1524 ibi
810 1492 893 1524 annum
911 1493 988 1533 unum.
1004 1486 1028 1524 et
1042 1493 1116 1525 merca

161 1543 246 1602 absque
274 1541 440 1604 disceptatione,
467 1542 515 1589 sine
542 1542 632 1590 simuls-
663 1543 741 1596 bimur,
752 1549 775 1588 et
786 1541 924 1589 lucrabimur.

162 1606 233 1652 unae.
698 1609 727 1652 lt
744 1606 790 1661 Qui
801 1607 909 1668 ignoratis
919 1607 972 1666 quid
975 1604 1087 1668 sistuntur
1100 1608 1127 1653 tt't

198 1674 238 1719 18,
248 1665 345 1717 Fructus
359 1675 432 1714 autem
443 1669 541 1730 justitiae
554 1669 634 1716 seritur
662 1677 752 1731 postero
763 1671 814 1716 dies
833 1685 889 1730 quae
904 1677 939 1716 est
949 1671 1008 1717 etrim
1021 1671 1066 1716 vita
1077 1685 1127 1716 ves·

140 1769 144 1776 .
164 1748 218 1780 curn
230 1747 286 1796 pace
297 1734 323 1778 iis
333 1734 371 1794 qui
383 1733 435 1778 dant
446 1749 534 1796 operam
545 1734 601 1796 paci.
664 1734 717 1780 trs?
734 1749 803 1794 vapor
813 1734 872 1778 enim
883 1739 917 1779 est
930 1735 967 1792 qui
983 1733 1011 1778 ad
1022 1735 1127 1794 exiguum

663 1805 752 1857 tempma
762 1805 858 1859 apparet,
870 1803 893 1842 et
903 1795 983 1841 deinde
992 1796 1111 1842 evanescit.

330 1857 404 1908 CAP.
427 1857 472 1907 IV.
699 1863 728 1908 15
746 1859 791 1908 Pro
808 1860 910 1920 eoquod
928 1859 1000 1904 dicere
1017 1859 1128 1912 debuistis,

168 1927 176 1935 “
237 1923 312 1970 NDE
321 1921 634 1986 beilsetpugnaeintervosi
666 1925 690 1971 Si
703 1923 817 1971 Dominus
828 1923 963 1978 volueritet
977 1922 1083 1977 vivamus,
1095 1923 1128 1970 sa·

252 2003 327 2034 nonne
335 1988 393 2043 hinc,
401 1990 511 2034 annisum
518 2003 547 2034 ex
555 1989 635 2050 volup·
664 1989 749 2035 ciertnm
760 1989 802 2034 hoc
813 1995 852 2034 aut
860 1987 921 2034 iilud.

170 2053 251 2099 tatibus
261 2053 347 2106 vestris,
358 2067 414 2112 quae
425 2052 519 2099 militant
530 2053 552 2099 in
563 2068 634 2100 mem·
699 2057 728 2099 16
741 2051 889 2099 Nuncautem
897 2049 1021 2113 gloriamini
1030 2051 1058 2096 ‹ia
1066 2064 1127 2097 arro·

171 2115 216 2162 bris
226 2115 323 2162 vestris?
665 2113 742 2178 gsntii
758 2114 846 2163 vestri:
866 2116 939 2163 omnis
954 2115 1061 2178 ejusmodi
1077 2115 1128 2177 glo·

206 2185 221 2225 2
244 2178 412 2240 concupiscitis,
433 2187 456 2226 et
477 2178 632 2227 nonhabetis:
666 2181 846 2228 ristiomaiaest.

174 2242 276 2290 invidetis
287 2252 309 2290 et
319 2243 412 2297 ambitis,
423 2259 464 2290 uec
475 2244 566 2305 potestis
575 2259 635 2290 asse·
700 2247 728 2291 tt
746 2242 820 2305 Igitur
830 2243 866 2305 qui
879 2243 966 2290 noverit
979 2239 1040 2288 recte
1050 2242 1129 2297 facere,

174 2309 222 2368 qui:
241 2307 345 2369 pugnatis
356 2315 378 2352 et
388 2306 479 2361 bellatis,
491 2323 532 2353 nec
548 2308 635 2354 obtine·
665 2324 707 2355 nec
717 2308 776 2362 facit.
788 2309 823 2354 hic
834 2313 926 2369 peccato
938 2313 1034 2352 tenetur.

175 2371 208 2426 tis,
218 2381 334 2433 propterca
344 2367 403 2431 quid
414 2386 459 2418 non
470 2372 551 2432 petitis.

205 2439 220 2480 5
238 2435 323 2488 Petitis,
335 2443 357 2480 st
369 2449 414 2480 non
425 2435 528 2496 accipitis,
540 2431 637 2496 adquiri
836 2431 903 2482 CAP
931 2431 962 2478 V.

177 2495 327 2560 melipetatis,
338 2504 397 2544 utin
413 2498 536 2560 voluptates
552 2507 637 2546 vestras
734 2497 782 2546 GE
791 2513 856 2552 nunc,
863 2497 948 2550 divites,
957 2495 1016 2550 flete,
1024 2495 1130 2558 ejulantes

177 2565 295 2610 insumatis.
766 2577 832 2624 super
847 2561 941 2607 miseriis
957 2560 1036 2607 vestris
1052 2576 1129 2624 super-

205 2631 222 2672 4
244 2625 345 2672 Adulteri
366 2631 389 2670 et
409 2625 526 2680 adulterae,
548 2626 638 2673 nescitis
668 2626 773 2672 venturis.
886 2629 888 2634 ’

177 2691 291 2738 unicitiam
302 2689 378 2736 mundi
390 2690 524 2736 inimicitiam
536 2706 584 2738 esse
598 2691 635 2737 ad·
701 2693 716 2734 2
728 2689 827 2736 Divitiae
834 2696 921 2736 vestrae
929 2687 1064 2751 putrefactae
1073 2699 1129 2737 sunt.

177 2753 251 2801 versis
263 2751 357 2800 Deum?
375 2752 509 2813 Quicunque
524 2770 579 2815 ergo
596 2771 637 2801 vo·
668 2754 800 2802 vestimenta
806 2762 880 2802 vestra
888 2752 961 2802 cunct
970 2754 1034 2800 tineis
1040 2763 1129 2800 vorata:

177 2817 239 2864 iuerit
260 2819 344 2864 amicus
365 2832 414 2864 esse
435 2818 518 2873 muntii¹
538 2818 639 2865 inimicus
700 2822 717 2863 ³
742 2819 829 2866 Aurum
851 2827 874 2865 et
894 2827 1011 2880 argentum
1033 2829 1130 2863 vestrum

177 2879 379 2930 Deteonstituttur.
668 2883 774 2943 aerugine
790 2883 890 2928 vitiatum
906 2889 946 2934 est,
958 2890 982 2928 et
992 2897 1075 2941 aerugo
1091 2896 1130 2928 eo·

208 2949 223 2994 ⁵
248 2947 286 2991 An
308 2945 392 3006 putatis
403 2944 531 3006 scripturam
546 2945 641 2992 inaniter
669 2960 718 2992 rum
730 2947 844 2992 testabitur
858 2941 974 2990 adversum
985 2958 1033 2995 vos,
1044 2952 1067 2988 et
1077 2957 1129 2988 exe-

176 3009 253 3064 dicere,
276 3009 314 3056 Ad
336 3009 440 3054 invidiam
462 3008 532 3054 fertur
551 3011 640 3072 spiritus
669 3009 706 3055 det
721 3024 798 3054 carnes
813 3014 897 3053 vestras
913 3005 974 3051 velut
989 3004 1062 3064 ignis:
1082 3007 1120 3052 ths

161 3099 163 3106 ·
177 3074 212 3135 qni
224 3074 297 3120 sedem
309 3073 383 3134 posuit
393 3071 416 3118 in
427 3072 507 3119 nobis?
670 3087 758 3118 sautum
770 3069 913 3130 congessistis
921 3069 944 3113 in
956 3067 1045 3114 ultimos
1055 3067 1109 3114 dics.

209 3135 464 3198 GSedmajoremoffert
470 3138 578 3197 gratiam3
590 3136 641 3196 quia
702 3140 718 3180 4
735 3134 802 3188 Ecce,
819 3147 903 3179 merces
922 3130 1078 3192 operariorum.
1095 3147 1125 3192 qu

177 3201 235 3256 tiicit,
250 3200 316 3247 Deus
333 3200 431 3260 superbis
445 3201 531 3255 resistit,
546 3197 640 3247 submis-
670 3206 810 3244 messuerunt
820 3196 923 3257 regiones
933 3201 1024 3246 vestras,
1041 3209 1081 3255 per
1091 3211 1132 3243 vos

178 3265 207 3310 sis
217 3275 290 3312 autern
302 3265 339 3310 dat
349 3265 450 3324 gratiam.
670 3263 798 3315 interversa,
814 3261 910 3307 cismai:
928 3266 952 3304 et
966 3257 1133 3306 vociferationes

210 3332 224 3376 7
237 3327 460 3389 Subjiciteigiturvos
468 3325 536 3384 Deo;
548 3327 641 3374 resistite
670 3341 747 3374 eorum
761 3325 799 3386 qui
815 3329 961 3378 messuerunt,
972 3321 995 3368 in
1005 3337 1069 3369 aurea
1081 3322 1131 3370 Do·

178 3391 268 3445 baliolo,
280 3399 303 3437 et
314 3390 384 3450 fugiet
395 3388 410 3437 ἃ
421 3391 490 3436 vobis.
671 3391 724 3436 mini
737 3389 831 3436 Sabaoth
842 3388 982 3435 introierunt.

211 3460 225 3500 8
250 3453 433 3516 Approplnquate
449 3454 509 3509 Des,
526 3461 549 3501 et
561 3470 641 3516 appro·
704 3450 765 3500 5111
776 3452 858 3498 deliciis
868 3451 954 3496 vixistis
965 3465 1031 3510 super
1046 3456 1133 3506 terram,

181 3519 289 3582 pinquabit
312 3518 389 3563 robis:
418 3519 536 3564 emundate
556 3533 642 3572 manus,
672 3524 695 3563 et
705 3516 822 3564 lacivistio:
843 3513 956 3562 enutristis
972 3513 1133 3568 cordavestra,

181 3591 318 3645 peccatorem
345 3589 368 3626 et
384 3580 497 3643 purificate
511 3582 584 3638 corda,
599 3582 642 3628 ciu-
673 3587 698 3626 nt
708 3581 731 3625 in
742 3580 777 3625 die
788 3579 853 3639 epuli

180 3646 337 3708 piioesanimo.
365 3693 366 3696 ,
706 3637 1123 3704 6CondemnistinoccidistisJustum

212 3715 227 3758 9
244 3711 317 3756 sensu
328 3707 430 3754 miseriae
440 3709 563 3769 tangtmini,
575 3716 596 3755 et
607 3707 642 3754 lu·
674 3721 718 3754 non
732 3706 811 3751 resistit
822 3706 891 3752 vobis.

182 3781 238 3834 ,etta
250 3781 272 3819 et
284 3772 349 3818 flete:
369 3773 425 3818 risus
436 3781 509 3818 vester
522 3774 544 3816 in
560 3772 643 3818 luctum
707 3773 720 3815 7
740 3768 852 3816 Patientea
870 3769 939 3831 igitur
955 3776 1033 3821 estote,
1050 3770 1132 3816 tratres
