2720 4312
487 398 537 446 AD
554 397 747 454 HEBRAEOS,
769 398 815 446 Xl.

164 518 307 569 unicunque,
326 511 352 552 et
369 505 406 568 qui
424 512 530 552 venturus
548 512 583 553 est
593 521 633 552 ve·
661 504 830 552 ltmhsbentens
839 503 987 563 sunthrnents,
999 523 1062 571 eujus
1072 521 1122 560 srtr·

164 571 214 624 niet.
226 587 304 632 noque
316 570 418 618 tardabit.
443 615 445 624 ,
662 568 701 616 fex
711 577 734 614 et
745 569 846 615 eonditor
856 577 891 616 est
901 569 975 618 Deus.

195 639 226 681 ³8
243 634 330 683 Justus
341 641 416 680 autem
427 647 456 680 ex
466 633 509 680 rte
519 633 591 680 vivers
611 640 634 679 st
698 636 724 678 ll
745 632 789 680 Per
801 633 957 696 nosmetipsi
968 635 1022 683 Sars
1038 636 1083 682 virn
1100 637 1126 684 sd

164 698 243 760 siquis
251 715 278 746 se
290 698 427 752 subduxerit.
439 711 484 743 non
495 698 572 759 probet
583 713 634 743 eum
664 697 831 758 concipiendum
843 713 918 745 semen
929 701 1019 761 occepit,
1028 715 1054 746 sc
1063 717 1127 762 prne·

165 764 252 810 snimrss
263 777 338 809 meus.
665 768 698 808 ter
715 768 802 822 tempus
812 763 889 808 netntis
901 765 991 824 peperit,
1002 761 1061 826 qurid
1072 765 1127 812 flde-

197 830 229 874 39
248 827 285 873 At
296 841 339 872 nos
355 840 401 872 non
418 825 432 870 ii
449 839 525 870 surnns
539 825 576 884 qui
594 839 635 871 nos
664 824 708 870 iem
719 839 765 871 esse
775 824 862 871 duxerit
872 841 923 872 eum
934 828 970 887 qui
980 829 1117 889 promiserat.

166 891 318 937 abducamus
328 889 357 935 nd
367 889 466 942 exitium,
483 888 522 935 sed
532 889 570 949 qui
586 903 635 936 cre·
700 890 730 932 12
746 887 888 949 Quapropter
904 897 927 936 et
942 905 972 936 ex
989 907 1041 946 uno,
1059 907 1128 952 eoque

167 954 245 1000 dsnrus
257 954 288 1000 nd
299 953 386 1000 animae
396 953 497 999 salutern.
661 951 709 1012 Jsm
720 960 829 1006 emortuo,
841 952 886 998 nsti
897 961 950 1000 sunt
955 958 1048 1014 posteri,
1057 972 1125 1016 qusn-

666 1027 689 1061 ts
705 1023 739 1062 est
757 1023 867 1062 utrorum
885 1017 941 1062 coeii
960 1019 1084 1073 multitudo,
1106 1030 1126 1067 et

333 1078 407 1128 CAP.
426 1076 471 1126 x1.
666 1080 727 1138 qussi
738 1094 805 1126 erens
816 1079 1086 1144 illsinnssrnersbiiisqnse
1096 1093 1127 1130 est

201 1143 270 1192 *ST
281 1153 355 1190 autem
367 1143 422 1190 tides
432 1143 485 1190 inud
495 1157 541 1204 quo
552 1143 634 1189 subsis-
666 1143 695 1188 sd
703 1158 764 1188 oram
776 1144 849 1190 russis.

203 1221 225 1261 Λ
246 1215 299 1254 tunt
307 1223 364 1267 quse
372 1215 494 1268 rpersntun
501 1215 524 1253 et
532 1222 589 1268 quse
597 1207 636 1253 de·
701 1209 731 1251 13
748 1204 874 1254 Secundini
893 1205 958 1254 fidon
977 1210 1058 1255 mortni
1078 1226 1127 1259 sunt

168 1279 281 1318 monstrnt
291 1275 348 1332 quie
358 1285 404 1317 non
416 1279 542 1318 cernuntur.
666 1269 702 1320 isti
719 1285 803 1326 omnes,
820 1285 865 1318 non
876 1271 948 1335 sdeptr
959 1275 1072 1333 promises,
1090 1278 1127 1320 sest

202 1339 218 1380 2
236 1335 274 1382 Ob
293 1351 342 1381 eom
361 1335 421 1382 enim
440 1334 565 1381 testimonio
585 1341 636 1380 sunt
666 1331 753 1380 eminris
764 1335 926 1395 esconspiosti
943 1344 1059 1397 postquam
1074 1353 1128 1398 rpus

169 1400 243 1444 ornati
255 1400 357 1460 majores.
665 1396 759 1444 fuissent
769 1413 872 1460 pertunsa
880 1406 905 1445 et
919 1415 947 1446 en
964 1400 1057 1462 amplexi
1071 1400 1126 1450 fuis·

202 1467 220 1508 ὅ
238 1462 286 1509 Per
294 1463 361 1508 fidem
370 1461 512 1523 intelligimus
520 1472 635 1508 construc-
666 1469 722 1516 sent,
739 1477 765 1508 se
776 1462 867 1524 professi
879 1478 903 1510 se
914 1464 1011 1527 hospites
1021 1473 1045 1513 et
1060 1467 1127 1514 sdve-

171 1533 220 1572 tum
239 1527 308 1572 tuisse
326 1525 433 1572 mundum
453 1527 520 1572 verbo
541 1525 592 1580 Dei,
612 1532 638 1571 ut
666 1541 706 1572 nns
717 1527 799 1573 esssin
810 1524 875 1574 terri.

171 1605 230 1650 quse
240 1590 352 1636 cernimus
362 1605 408 1636 non
425 1590 469 1636 sint
484 1605 513 1636 ex
529 1605 636 1651 apparen-
701 1594 732 1635 14
748 1590 913 1652 Nsrnquilrneo
921 1593 1128 1656 dicuntpslnmos·

173 1655 231 1702 'ribus
241 1653 307 1700 facts.
666 1654 897 1716 tenduntsepstrism
908 1673 1019 1717 quaerere.

204 1722 221 1763 4
238 1718 302 1772 Abel,
322 1733 362 1778 per
377 1715 450 1772 iidem,
469 1717 558 1778 majoris
573 1717 637 1780 pretii
701 1720 730 1764 1⁵
748 1715 816 1773 Qutn
824 1720 842 1765 si
851 1719 1023 1767 iliiusmemores
1030 1722 1129 1777 fuissem.

174 1781 305 1828 sacrificinm
317 1781 396 1828 obtulit
408 1780 460 1828 Deo
476 1779 543 1842 quint
560 1779 634 1829 Cnin:
666 1782 859 1841 exquaexiersnt,
869 1784 948 1829 trabere
958 1793 1059 1845 poterant
1070 1793 1127 1831 tern-

174 1860 214 1907 per
234 1861 301 1907 qunns
322 1845 450 1895 testimonio
471 1845 513 1891 soit
539 1852 637 1900 ornatus,
667 1845 928 1906 pussdrevertendumr

174 1906 233 1969 quod
243 1911 390 1971 essetjustus
402 1910 552 1956 testimonium
563 1909 636 1970 perhi-
701 1912 730 1955 16
748 1909 817 1968 Atqui
829 1909 942 1956 meliorem
957 1917 1070 1971 expetunt,
1087 1913 1129 1959 hoe

175 1973 239 2020 bente
252 1974 305 2036 Deo
316 1975 344 2020 de
352 1972 416 2020 donis
424 1973 485 2034 ejus:
503 1981 526 2020 et
537 1981 638 2020 mortuus
666 1972 845 2027 estcoeiesterns
861 1981 993 2036 quapropter
1000 1973 1076 2020 Deum
1085 1992 1128 2024 non

175 2037 245 2084 srihnc
257 2053 295 2098 per
306 2039 365 2084 hano
373 2037 476 2098 loquitur.
665 2037 734 2098 pudet
754 2051 838 2092 eorum,
864 2040 889 2084 Μ
910 2046 949 2092 est,
978 2040 1128 2101 cognominari

207 2104 222 2148 5
240 2101 284 2148 Per
296 2101 361 2148 fidem
373 2100 480 2148 Enoohus
491 2101 533 2147 suit
543 2099 637 2148 transis·
668 2101 745 2147 Deum
754 2117 845 2159 eorum3
862 2111 976 2165 paraverat
983 2105 1042 2150 enirn
1049 2104 1080 2152 eis
1092 2121 1129 2152 ur-

177 2171 217 2220 tus,
230 2181 258 2212 ne
269 2165 347 2211 viderit
359 2171 471 2221 mortem
488 2181 529 2211 neo
545 2164 587 2210 init
603 2166 637 2210 in·
666 2167 723 2211 bem.

177 2237 261 2282 ventus,
284 2236 400 2290 propterea
420 2226 479 2289 qurid
498 2229 639 2276 transtulerat
703 2233 730 2276 17
750 2230 895 2285 Abrahamus,
914 2247 983 2292 quum
1002 2239 1130 2287 tentaretur.

177 2308 226 2339 eum
237 2291 313 2339 Deus:
332 2293 524 2354 priusqusmenim
532 2293 637 2340 transfer·
668 2293 748 2339 obtulit
760 2292 860 2340 lsnnourn
872 2310 911 2356 per
927 2297 1007 2351 fidem
1027 2297 1129 2358 unigeni·

177 2365 242 2410 retur,
264 2357 415 2403 testimonium
436 2357 561 2403 obtinuerat
579 2354 639 2418 qurid
668 2365 723 2410 t'um,
734 2358 831 2417 inqunnr,
840 2357 902 2403 iilum
911 2359 995 2414 obtulit,
1004 2359 1024 2405 is
1032 2361 1068 2420 qui
1077 2376 1129 2420 pro-

177 2421 292 2482 plsouisset
304 2420 364 2466 Deo
667 2421 785 2468 missiones
795 2429 928 2482 exreperst;

207 2489 223 2532 6
240 2486 309 2546 Atqui
329 2483 376 2532 fieri
397 2499 442 2530 rron
461 2489 536 2546 potest
545 2489 572 2532 ut
592 2484 640 2532 sins
703 2489 732 2529 18
743 2484 1128 2545 Adquemdictumfuerstlnlsnne

177 2546 218 2596 fide
236 2551 352 2608 quisquam
371 2549 394 2595 ei
410 2547 509 2609 placent:
533 2563 586 2595 nsnr
601 2563 638 2609 qur
668 2548 782 2595 vocabitur
792 2549 830 2594 obi
841 2563 931 2596 remens

177 2612 394 2666 soreditsdDem
404 2612 464 2658 hune
475 2613 564 2658 credere
572 2627 639 2673 opor·
703 2615 733 2660 19
757 2611 910 2660 Ratiocinstus
933 2613 1009 2661 Deum
1031 2613 1129 2676 potentii

178 2683 267 2722 tetesse
278 2678 363 2730 Deum,
380 2677 511 2737 etprsernis
520 2676 596 2739 largiri
612 2676 639 2724 iis
668 2676 790 2737 praeditum
814 2693 863 2724 esse
886 2679 953 2724 etisn
978 2681 1095 2726 suscitandi
1118 2697 1130 2727 s

178 2741 213 2800 qui
225 2741 297 2802 ipsum
309 2741 433 2800 requirunt.
668 2741 775 2798 mortnis;
791 2743 849 2790 unde
856 2741 918 2789 ilium
927 2743 1068 2791 similitudine
1075 2761 1129 2806 qus-

209 2807 222 2851 7
241 2803 287 2850 Per
304 2803 371 2850 iidem
390 2799 495 2850 divinitis
513 2803 639 2851 admonitus
669 2805 719 2851 darn
731 2807 819 2867 recepit.

157 2866 231 2914 ‘Not
250 2868 278 2914 de
288 2868 314 2914 iis
325 2879 382 2944 quse
393 2867 492 2914 nondum
503 2868 638 2923 videbantur,
701 2873 733 2914 20
749 2869 794 2915 Per
805 2870 869 2917 fidem
881 2871 908 2916 de
924 2870 1003 2918 suturis
1019 2872 1130 2918 benedixit

177 2931 639 3056 tssttttttt”zssttfflm⁸itffssss
672 2929 1129 3044 ¹⁵²2²f⁰tittttistt3msm

177 3059 289 3106 demnwit
298 3058 414 3112 mundum,
430 3066 454 3105 et
469 3061 523 3121 ejus,
539 3073 595 3119 quse
610 3073 640 3104 ex
669 3059 728 3121 gulis
739 3057 788 3104 filiis
798 3057 890 3120 Joseptsi
901 3060 1026 3105 benedixit:
1042 3066 1066 3104 et
1076 3061 1129 3107 sdo-

177 3121 219 3170 nde
228 3131 270 3177 est,
277 3122 377 3186 justitiae
387 3121 459 3168 sertus
469 3131 503 3170 est
513 3123 596 3169 haeres
670 3125 726 3170 ravit
736 3123 814 3169 baculo
825 3122 920 3168 innixus.

209 3191 224 3232 8
242 3186 287 3233 Per
302 3186 370 3233 fidem
388 3193 481 3233 vocatus
500 3187 640 3233 Abrshsmus
702 3190 734 3232 22
751 3185 795 3233 Per
805 3185 870 3231 fldem
878 3184 990 3246 Josephns
998 3187 1130 3237 moriensis

178 3251 309 3299 susersltnvit
324 3252 383 3304 Deo.
403 3258 428 3296 ut
444 3252 513 3297 abiret
528 3251 551 3296 in
566 3250 640 3295 locum
668 3251 796 3311 egressione
806 3249 900 3296 tiliorum
913 3248 1004 3298 Isrse'ir's
1017 3252 1117 3300 meminit
1122 3274 1129 3311 ,ι

178 3327 242 3374 quem
261 3322 392 3374 accepturus
410 3321 458 3360 erat
476 3316 498 3360 in
517 3315 639 3363 haeredio-
669 3315 740 3374 deque
751 3314 836 3361 ossibus
847 3315 892 3360 suis
903 3313 1021 3360 mandarit.

178 3385 238 3435 tenu
265 3385 288 3425 et
305 3379 381 3432 exivit,
401 3378 501 3424 nesciens
519 3375 564 3439 quo
582 3383 641 3424 esset
703 3381 734 3423 23
751 3377 872 3424 Persidem
884 3377 970 3430 Moses,
987 3393 1054 3436 quum
1067 3387 1130 3427 natur

179 3450 291 3488 venturus.
670 3447 735 3497 esset,
757 3442 879 3488 occultatur
900 3449 934 3487 est
953 3455 1041 3486 menses
1058 3448 1103 3488 tres
1119 3440 1130 3490 i

210 3505 288 3554 9Per
309 3504 375 3552 fidem
390 3511 547 3551 roommorstus
565 3511 600 3550 est
618 3504 640 3550 in
670 3506 796 3567 parentibus
818 3505 869 3560 suis,
892 3501 951 3566 quoti
972 3505 1069 3552 viderent
1093 3523 1129 3553 ve·

179 3566 236 3616 terri
246 3567 355 3631 promissi
366 3577 391 3615 ut
401 3567 478 3623 alienis,
492 3578 641 3614 commoratus
671 3578 760 3616 nustum
769 3585 818 3615 esse
829 3569 944 3630 puerulum
953 3585 961 3626 ς
978 3577 1001 3616 et
1011 3584 1055 3617 non
1065 3572 1129 3617 timu·

181 3648 200 3679 n
218 3632 364 3679 tabernaculis
382 3647 434 3678 cum
451 3630 515 3679 lssao
531 3638 554 3678 et
564 3629 641 3688 Jncob,
671 3640 736 3679 erunt
747 3633 842 3679 edictum
854 3633 920 3694 regis.

178 3697 334 3742 cohaeredibus
345 3697 442 3758 ejusdem
454 3696 617 3758 promissionis:
704 3700 736 3742 24
753 3695 798 3742 Per
808 3696 873 3742 fidem
890 3695 968 3742 Moses
980 3697 1027 3758 jsm
1044 3699 1132 3761 grandir

194 3763 243 3810 .1o
260 3759 479 3867 Enpoemssffim
490 3760 602 3806 civitatem
613 3759 640 3806 il·
673 3761 747 3807 renuit
757 3761 831 3807 vocari
842 3761 899 3807 filius
909 3760 966 3806 filiae
978 3759 1105 3810 Phnrsonis
