2734 4314
531 407 681 465 MARCUS,
706 409 765 457 llll.

162 517 267 578 vellqiserit
278 529 383 564 uxorem.
401 520 426 560 et
441 511 501 560 filios
517 528 562 558 nou
579 511 630 558 reli-
652 521 796 575 presoeptor,
818 516 841 561 io
861 516 954 564 veritate
969 517 1056 566 dixistis
1076 533 1121 566 nan

164 582 234 636 ,uerit
250 579 347 640 accipiat
364 579 436 640 ipsius
451 577 521 623 frater
537 591 630 622 uxorem
663 593 720 624 unus
739 592 775 625 est
792 578 864 636 Deus,
878 596 919 628 nec
930 582 985 629 alins
996 595 1031 630 est
1040 598 1125 648 praees

164 647 211 707 plis,
222 651 245 691 et
255 645 341 690 excitet
352 657 432 689 semen
444 641 507 687 t'ratri
519 657 566 686 sno.
662 657 728 689 eum:

192 713 222 754 20
239 709 332 769 Septem
352 722 410 767 ergo
429 705 511 751 fratres
528 705 627 750 fuerant:
694 710 727 752 53
744 706 777 753 Et
787 707 879 770 diligere
889 724 940 755 eum
951 725 980 757 ex
991 717 1039 757 toto
1053 712 1124 765 corde,

164 788 186 820 sc
196 773 279 834 primus
290 771 378 832 accepit
390 783 493 822 uxorem,
504 777 526 816 et
535 770 631 814 moriens
662 777 685 815 et
693 785 722 815 ex
730 769 777 816 toti
788 772 939 834 intelligentia
951 781 975 820 et
985 790 1013 821 ex
1025 772 1071 821 tout
1078 777 1126 822 sni·

164 851 206 882 non
217 836 305 896 reliquit
319 849 405 882 semea.
663 832 706 888 md,
723 843 746 880 et
762 851 790 882 ex
813 838 865 884 totis
881 839 970 892 viribus,
992 854 1018 884 ac
1037 839 1127 901 diligere

193 904 221 946 21
241 900 274 946 Et
293 899 406 946 secundus
426 897 511 958 accepit
531 911 586 950 enit,
609 904 632 942 et
663 899 788 958 proximum
801 907 825 946 ut
834 902 937 961 seipsum,
949 899 998 962 plbs
1014 909 1048 949 est
1063 900 1126 964 qulam

164 971 263 1011 mortuus
273 971 316 1018 est,
333 972 357 1008 et
368 977 397 1008 ne
408 962 457 1022 ipse
474 956 562 1020 quidem
580 960 630 1007 reli·
664 963 739 1009 omnia
749 964 928 1010 holocautomata
938 973 960 1010 et
974 966 1086 1013 sacrificia.

166 1030 209 1090 quit
220 1043 313 1074 semea:
332 1033 356 1073 et
364 1027 445 1072 tertius
453 1025 536 1070 itidem.
696 1030 729 1071 54
740 1027 800 1072 Tum
812 1026 886 1082 Jesus,
898 1044 966 1088 qnunr
977 1031 1067 1076 vidisset
1077 1047 1128 1078 eum

195 1097 226 1138 22
242 1091 276 1138 Et
287 1097 422 1152 acceperunt
433 1105 484 1135 eam
495 1095 578 1149 septem
594 1089 632 1142 illi,
664 1087 755 1136 cordate
777 1091 922 1152 respondisse,
944 1093 999 1138 dixit
1025 1093 1052 1146 ei,
1076 1093 1129 1142 Non

165 1170 234 1217 oeque
243 1157 379 1216 reliquerunt
388 1169 479 1200 semen:
498 1154 575 1200 ultima
583 1169 631 1198 om·
665 1150 733 1214 longe
742 1169 766 1200 es
777 1169 791 1200 a
802 1169 872 1216 regno
881 1155 932 1202 Dei.
961 1155 994 1202 Et
1005 1172 1070 1203 nenio
1081 1173 1129 1206 am·

167 1223 225 1268 nium
236 1225 369 1266 mortuaest
379 1228 404 1264 et
414 1217 501 1263 mulier.
664 1216 721 1278 plicis
732 1219 826 1264 audebat
836 1235 887 1266 eum
899 1220 1042 1281 interrogare.

197 1289 228 1329 25
243 1283 508 1342 lnresnrrectroneergo,
515 1289 632 1342 postquam
696 1285 728 1328 55
751 1282 784 1328 Et
803 1283 938 1344 respondens
954 1283 1022 1332 Jesus
1038 1286 1129 1341 dicebat,

166 1349 330 1402 resurrexerint,
350 1349 414 1408 cujus
434 1361 512 1392 eorum
531 1346 572 1390 erit
590 1360 631 1389 ux·
658 1346 746 1392 docens
765 1347 788 1392 in
806 1347 895 1408 templo,
916 1348 1035 1402 Quomodo
1054 1351 1129 1398 dicunt

166 1412 206 1458 or?
223 1428 273 1458 nam
286 1418 370 1473 septem
384 1411 509 1456 habuerunt
524 1425 573 1455 eam
591 1424 632 1453 ux-
664 1411 747 1456 scribae
767 1409 881 1458 Christum
900 1428 949 1460 esse
968 1412 1037 1460 filiurn
1056 1413 1129 1462 Davi·

166 1491 234 1524 oreta
665 1473 715 1519 dis?

198 1545 230 1584 24
251 1538 317 1586 Tunc
340 1538 478 1599 respondens
492 1536 560 1584 Jesns
577 1537 633 1581 dixit
696 1542 728 1584 56
747 1539 806 1584 Nam
818 1539 865 1601 ipse
876 1539 952 1588 David
963 1541 1019 1588 dixit
1029 1557 1069 1604 per
1078 1543 1129 1604 Spi-

166 1605 204 1658 eis,
227 1604 310 1650 Nonne
330 1610 449 1664 propterea
467 1602 551 1654 erratis⁷
573 1597 633 1660 qudd
665 1603 731 1647 ritum
744 1603 857 1659 Sanctum,
867 1605 934 1650 Dixit
946 1604 1068 1654 Donrsns
1077 1607 1128 1654 Do·

168 1684 211 1714 non
228 1668 301 1714 sciatis
316 1668 445 1728 scripturas,
466 1681 537 1725 neque
552 1673 631 1726 peten-
666 1667 797 1720 minorum,
816 1669 873 1714 Sede
889 1669 917 1714 ad
933 1669 1033 1716 dextram
1050 1685 1129 1726 maara,

168 1733 219 1778 tiam
231 1731 296 1777 Dei?
665 1731 786 1789 usquedum
800 1747 895 1792 posuero
903 1733 1004 1779 inimicos
1016 1741 1066 1780 tuos
1080 1751 1128 1782 ses·

198 1799 229 1842 25
248 1795 370 1855 Postquam
382 1794 443 1840 enim
458 1809 472 1839 a
487 1793 580 1839 mortuis
597 1809 632 1838 re·
665 1795 746 1840 belluni
758 1795 838 1854 pedum
850 1803 946 1841 tuorum.

168 1860 307 1913 surrexerint,
321 1875 393 1918 neque
403 1873 486 1903 uxores
498 1858 581 1903 ducunt
593 1873 632 1901 ne·
698 1861 729 1904 57
748 1856 799 1918 Ipse
807 1875 862 1920 ergo
872 1858 947 1904 David
959 1859 1012 1904 dicit
1020 1875 1071 1906 eum
1078 1859 1129 1907 Do-

167 1941 210 1984 que
221 1931 313 1984 nuptnm
325 1924 421 1977 dantum
439 1922 541 1967 sedsunt
552 1928 577 1966 ut
592 1937 633 1966 an-
663 1922 764 1966 minum:
783 1923 841 1967 unde
859 1922 927 1984 igitur
944 1922 1001 1968 iilius
1017 1925 1065 1985 ejus
1081 1925 1131 1972 est?

168 1989 211 2049 geli
222 1989 258 2048 qui
271 1989 293 2033 iu
305 1987 446 2032 coelissunt.
667 1985 700 2031 Et
717 1986 787 2032 multa
801 1988 864 2033 turba
878 1988 978 2034 audiebat
991 2003 1041 2033 enm
1061 1989 1129 2037 lilten·

200 2057 230 2098 26
248 2045 633 2109 Demortnisvcrd,qnddsuscitan·
666 2057 707 2096 ter,

168 2117 189 2162 di
205 2117 255 2170 sint,
274 2132 320 2161 non
337 2115 425 2176 legistis
442 2115 464 2158 in
483 2115 538 2158 libro
554 2113 634 2166 blesis,
698 2119 729 2159 58
749 2117 799 2173 lpse
810 2126 884 2160 autem
896 2116 980 2162 ilicebat
994 2117 1026 2162 eis
1041 2118 1063 2162 in
1078 2118 1131 2164 doc·

169 2181 279 2240 quomodo
307 2180 330 2224 in
358 2180 414 2224 rubo
440 2178 544 2236 loquutus
566 2177 594 2222 sit
615 2177 635 2222 ei
667 2175 725 2224 trinis
736 2177 781 2232 sud,
796 2179 997 2233 Caveteaseribis,
1009 2181 1046 2240 qui
1056 2190 1131 2227 amant

170 2243 335 2297 Deusdicens
348 2243 463 2302 Egosuns
480 2242 545 2286 Deus
562 2241 634 2286 Abra·
668 2242 740 2286 stolati
763 2243 880 2296 ambulare,
902 2250 925 2288 et
947 2245 1089 2290 salutationes
1109 2245 1132 2292 iu

169 2309 233 2361 hami,
251 2315 274 2353 ct
292 2307 358 2352 Deus
377 2305 455 2359 Issaei,
473 2312 496 2350 et
515 2305 579 2351 Deus
594 2304 635 2352 Ja·
667 2305 727 2358 foris,

170 2372 236 2417 colii?
699 2373 732 2416 39
753 2368 884 2428 Primusque
905 2385 1022 2415 consessus
1038 2371 1060 2415 in
1078 2386 1132 2416 con-

201 2439 232 2483 27
250 2435 304 2481 Νοη
316 2442 350 2480 est
368 2434 434 2480 Dens
451 2435 517 2479 Deus
534 2442 634 2479 mortuo·
668 2435 775 2486 ventibus,
788 2442 810 2478 et
822 2435 905 2494 primos
916 2433 1027 2480 accubitus
1042 2435 1064 2479 in
1081 2451 1133 2487 cos-¹

172 2498 225 2553 rum,
237 2501 276 2546 sed
288 2499 355 2544 Deus
366 2499 503 2544 viventium:
529 2513 569 2544 vos
580 2513 635 2558 ergo
667 2497 716 2553 nis3

170 2562 263 2610 multllm
275 2564 361 2609 ermis,
699 2567 731 2608 40
747 2563 792 2616 Qui
805 2563 911 2608 devorant
922 2563 1001 2608 domus
1012 2563 1133 2620 viduarum,

201 2633 232 2674 28
249 2628 282 2674 Et
293 2643 362 2687 quum
374 2627 502 2672 accessisset
518 2627 606 2686 quidam
622 2641 636 2671 e
667 2635 689 2672 et
700 2627 826 2688 inspeciem
836 2635 928 2672 utuntur
937 2627 1009 2688 longis
1018 2628 1130 2689 precibus.

171 2693 252 2746 scribis,
265 2693 302 2752 qui
317 2691 417 2736 audierat
432 2706 470 2735 eos
481 2691 635 2750 disceptantes,
667 2691 703 2737 isti
715 2693 814 2738 auferent
824 2693 915 2753 gravius
921 2693 1037 2754 judicium.

170 2757 285 2802 etsciebat
298 2771 350 2801 eum
364 2756 422 2800 bene
437 2755 479 2800 illis
491 2755 635 2815 respondisse,
700 2759 728 2800 41
749 2756 805 2815 {Et
823 2771 891 2816 quum
911 2758 1003 2802 sedisset
1022 2757 1089 2804 Jesus
1105 2771 1133 2804 ex

171 2820 316 2881 interrogavit
335 2834 394 2873 eum,
413 2820 497 2871 dicens.
517 2817 586 2871 Quod
602 2827 637 2864 est
668 2819 761 2865 adverso
772 2822 933 2882 gazophylacii,
950 2822 1061 2881 spectabat
1077 2837 1133 2880 quo·

173 2885 265 2945 pn'mum
277 2884 378 2929 omnium
389 2882 535 2928 mandatum?
669 2885 937 2930 modoturboimmitteret
944 2899 980 2929 aes
987 2885 1008 2929 in
1015 2885 1122 2944 gazophy

203 2953 234 2996 29
249 2947 318 2995 Jesus
329 2954 403 2993 autem
415 2947 527 3007 respondit
540 2946 566 2999 ei,
586 2945 636 2992 Pn'·
669 2947 763 2994 lacium:
786 2949 849 2994 multi
867 2949 935 3008 igitur
954 2949 1033 2992 divites
1049 2948 1134 3007 injicie-

173 3011 556 3064 mumomniummandatorumeu,
569 3010 636 3064 Audi,
669 3012 808 3057 bantmulta,
1099 3057 1102 3068 ¹

174 3075 258 3133 lsrael;
277 3075 392 3122 Dominus
407 3070 473 3121 Deus
484 3083 559 3121 noster
572 3074 637 3120 Deus
702 3079 734 3118 42
752 3073 784 3119 Et
795 3088 862 3132 quum
875 3073 971 3117 venisset
982 3072 1088 3130 quaedam
1100 3089 1134 3118 vr·

174 3156 229 3186 uuus
242 3149 283 3187 est.
670 3139 713 3184 dua
732 3153 821 3197 pauper,
841 3135 916 3196 injecit
938 3137 1024 3182 minuta
1044 3137 1134 3185 uerenda

203 3210 235 3252 30
252 3205 344 3266 Diliges
357 3203 426 3264 igitur
442 3202 569 3249 Dominum
587 3201 637 3248 De·
670 3203 721 3254 duo,
733 3201 792 3261 quod
803 3207 837 3246 est
848 3199 964 3260 quadrans,

174 3283 210 3314 sn
225 3277 288 3316 tuum
307 3283 338 3314 ex
356 3275 404 3313 toto
423 3267 489 3314 eorde
508 3274 554 3320 tuo,
571 3273 594 3312 et
610 3281 638 3311 ex
703 3269 735 3310 45
748 3264 813 3310 Tunc
823 3265 866 3316 ille,
876 3279 944 3324 quum
953 3261 1082 3311 advocdsset
1090 3263 1134 3311 uis-

174 3331 218 3378 est
228 3331 304 3378 anirnd
314 3329 358 3386 turi,
374 3338 397 3376 et
407 3346 436 3376 ex
447 3328 494 3378 tort
505 3331 639 3392 cogitatione
671 3330 755 3390 cipulos
767 3345 825 3379 suos,
838 3329 892 3374 dixit
904 3329 941 3380 eis,
953 3328 1028 3374 Amen
1037 3325 1086 3374 dico
1095 3345 1136 3376 vo,

176 3395 216 3446 sid,
228 3405 251 3442 et
262 3411 291 3442 ex
302 3396 355 3442 totis
366 3395 449 3442 viribus
460 3396 519 3441 tuis:
545 3397 587 3440 hoc
605 3401 639 3439 est
671 3394 710 3443 bis,
730 3393 797 3439 sidus
813 3395 866 3438 haec
883 3407 965 3452 pauper
981 3392 1030 3452 plus
1047 3393 1135 3440 immisit

176 3461 269 3521 priruum
280 3460 417 3506 mandatum.
671 3473 736 3518 qnam
749 3473 826 3503 omnes
837 3458 881 3502 olii
894 3457 932 3514 qni
946 3456 1053 3502 miserunt
1065 3471 1136 3516 pecn-

205 3529 233 3569 sl
254 3524 414 3570 Etsocundnm
422 3525 456 3568 itu
465 3523 541 3575 similo,
549 3523 638 3576 homst,
672 3524 736 3568 nium
747 3522 769 3566 in
781 3519 982 3581 gazophylacium:

177 3585 263 3648 Diliges
274 3589 401 3648 proximum
417 3594 479 3631 tuum
496 3595 521 3632 ut
537 3587 638 3646 teipsum.
704 3589 736 3629 44
753 3585 813 3630 Nam
831 3598 908 3628 omnes
925 3599 954 3630 ex
969 3601 996 3630 eo
1012 3584 1071 3644 quod
1084 3591 1135 3660 ipsis

179 3649 251 3712 htajns
279 3652 327 3696 istis
354 3651 413 3696 aliud
440 3651 566 3696 mandatum
594 3663 639 3694 non
673 3649 779 3695 redundat
798 3647 953 3705 immiserunt3
978 3649 1032 3696 haec
1051 3665 1104 3696 vero
1124 3663 1135 3696 e

177 3728 214 3762 ass„
672 3710 764 3774 penuriis
772 3709 812 3758 suis
822 3712 913 3758 immisit
924 3714 999 3760 omnia
1006 3727 1063 3774 quse
1070 3714 1133 3759 hate*

206 3782 239 3824 32
256 3778 322 3824 Tunc
334 3778 389 3822 dixit
400 3778 418 3822 ei
431 3778 553 3830 scribaille
569 3777 639 3827 Bene.
672 3778 716 3828 bat,
729 3783 800 3822 totum
811 3791 891 3836 omps
902 3778 984 3826 victum
997 3791 1068 3824 snum.
