2734 4314
554 427 558 438 ι
605 397 757 456 MARCUS,
780 398 799 448 l.

219 509 309 570 proiecti
324 511 376 553 sunt
392 506 415 552 iu
434 504 563 556 Galilaeanr,
579 503 602 549 in
619 518 683 548 mon·
751 505 781 551 19
810 501 907 550 Profecti
929 521 984 570 ergo
1006 506 1085 552 docete
1106 521 1183 554 omasi

219 582 262 619 tem
276 573 310 618 ubi
321 570 466 616 constituerat
476 569 508 614 eis
519 567 593 616 Jesus.
682 578 685 592 ’
716 573 802 628 gentes,
813 567 951 627 baptizantes
963 585 1001 614 eos
1012 569 1034 614 in
1046 585 1128 616 nornen
1140 570 1185 618 Pa·

254 639 281 682 17
293 635 324 680 Et
335 633 588 694 quum'vidissenteum,
606 631 684 676 adora-
718 631 764 684 tris,
776 638 799 677 et
811 630 867 686 Filii,
879 639 902 677 et
915 633 1009 694 Spiritlrs
1022 633 1110 690 Saneti3

220 707 299 746 verunt
318 713 382 744 eum:
402 697 490 758 quidam
507 703 581 742 autem
598 695 683 740 dubita·
749 698 780 740 20
803 693 919 741 Ducentos
940 712 979 742 eos
1001 712 1089 743 servare
1111 697 1185 745 (11111111

222 771 306 809 rerunt
717 773 773 818 quae
794 759 896 806 mandavi
919 761 993 805 robis:
1013 768 1042 814 et,
1062 777 1119 815 ecee,
1141 778 1185 822 ego

256 831 283 872 18
302 825 334 872 Et
346 837 412 885 quum
423 823 551 870 accessisset
562 823 593 868 orl
601 838 636 868 aus
644 821 684 868 le·
718 822 831 867 vobiscum
853 838 901 868 sum
924 824 1026 870 onuribus
1047 825 1129 878 diebus,
1148 841 1179 870 ns·

221 907 264 942 aus,
276 891 380 950 loquutus
391 896 425 934 est
436 888 474 941 cis,
486 888 567 940 dicens,
581 885 642 932 Data
652 892 687 930 est
718 901 761 946 que
780 886 807 932 ad
826 888 1038 933 consummationem
1051 889 1125 935 secuti.
1150 891 1184 938 A,

223 955 273 1001 nrm
294 953 367 1000 omnis
388 959 486 1018 potestas
507 951 530 998 iu
546 950 609 996 coeto
625 958 648 996 et
664 949 687 996 iu
719 964 778 996 meu.

222 1015 294 1068 aaut.

373 1474 650 1535 EVANGELIUM
671 1473 818 1533 secrrndrlm
840 1473 1035 1535 MARCUM.

397 1638 471 1687 CAP.
496 1636 516 1684 1.
721 1635 791 1682 lilius
802 1636 838 1682 ille
850 1653 913 1683 naeus
929 1638 1028 1690 dilectus,
1045 1639 1069 1685 in
1086 1655 1130 1700 quo
1149 1655 1188 1685 sc·

257 1701 473 1767 )lllNCll’lUM
494 1701 603 1764 evangelii
631 1700 687 1750 Jesu
719 1699 815 1762 quiesco.

296 1767 385 1823 Christi,
398 1767 448 1814 Filii
461 1766 506 1812 Dei
513 1783 521 1823 3
753 1767 783 1810 12
801 1764 924 1826 Statimque
937 1766 1030 1828 Spiritus
1041 1782 1092 1813 eum
1110 1768 1185 1828 expel-

256 1837 270 1878 2
290 1831 323 1878 Ut
342 1832 447 1893 scripturn
469 1838 503 1876 est
524 1831 546 1876 in
568 1829 686 1892 prophetis,
718 1826 745 1874 lit
755 1828 778 1873 in
789 1829 908 1875 desertum.

226 1895 292 1950 licee,
304 1913 348 1958 ego
359 1897 423 1942 mitto
432 1895 537 1941 nuncium
544 1894 606 1941 illum
613 1909 687 1940 meum
753 1895 784 1937 13
800 1892 833 1939 Et
843 1892 885 1938 fuit
896 1893 940 1939 illle
951 1893 973 1939 iu
982 1894 1070 1940 deserto
1077 1894 1123 1940 dies
1131 1909 1188 1955 qua·

224 1970 275 2007 ante
296 1961 375 2006 faciem
392 1967 459 2014 tuam,
476 1959 513 2020 qui
530 1959 614 2021 parabit
629 1959 689 2004 viam
721 1955 829 2018 draginta,
842 1963 941 2004 tentante
951 1973 1003 2004 eum
1016 1956 1109 2004 Souna:
1127 1967 1189 2004 erat·

225 2037 284 2070 tuam
296 2041 370 2070 coram
383 2033 412 2070 te.
721 2035 764 2080 que
775 2036 826 2066 eum
837 2021 902 2068 feris:
922 2031 946 2069 et
956 2023 1029 2084 angeli
1036 2023 1188 2070 ministrabam

256 2093 272 2133 5
289 2087 342 2133 Vox
354 2087 597 2140 clamantisindeserto,
609 2084 689 2133 Parate
721 2084 749 2130 ei.

225 2153 281 2198 viam
291 2151 390 2205 Domini,
396 2167 445 2197 corn
461 2151 627 2196 lanatesemitas
635 2151 689 2212 ejus.
718 2155 728 2162 “
757 2151 786 2194 14
804 2152 819 2211 ἵ
830 2142 952 2210 Postquam
964 2158 1037 2196 autem
1046 2149 1138 2196 traditus
1147 2149 1189 2197 tuit

256 2220 271 2261 4
290 2215 424 2276 Baptiznbnt
440 2167 539 2262 ,ioannes
555 2214 578 2261 in
595 2213 690 2268 deserto,
722 2211 822 2260 Joannes
844 2214 867 2259 in
888 2215 1018 2268 custodiam,
1041 2215 1103 2261 venit
1121 2213 1190 2262 Jesus

224 2292 246 2326 ct
257 2280 394 2342 praedicabat
409 2279 542 2341 baptismum
559 2279 689 2340 resipiscen·
722 2277 746 2323 in
759 2277 888 2334 Galilaeam,
903 2279 1030 2340 praedicans
1046 2279 1188 2341 evangelium

225 2346 267 2392 tiae
278 2345 305 2390 ad
317 2344 467 2390 remissionem
477 2351 625 2404 peccatorum.
723 2343 786 2404 regni
799 2341 859 2398 Dei;

257 2413 272 2456 5
289 2409 322 2455 Et
332 2409 405 2454 exibat
415 2408 443 2454 ad
454 2423 505 2454 eum
516 2408 588 2454 omnis
596 2406 692 2455 Judaiea
758 2410 787 2454 15
804 2405 837 2452 Et
848 2406 930 2461 diceus,
943 2405 1064 2467 Expletum
1080 2414 1114 2453 est
1131 2413 1189 2452 tem-

225 2474 324 2534 regione
338 2472 534 2532 Hierosolymitae,
551 2477 574 2518 et
589 2472 689 2533 baptiza·
723 2485 771 2532 pus,
783 2478 806 2516 et
817 2471 1000 2532 appropinquavit
1016 2487 1110 2532 regnum
1129 2471 1190 2528 Dci3

225 2529 303 2583 bantur
314 2553 391 2583 omnes
406 2537 432 2582 ab
447 2552 475 2581 eo
492 2536 515 2580 in
531 2533 630 2582 Jordane
646 2535 689 2580 llu-
723 2535 850 2595 resipiscite,
862 2543 885 2580 et
895 2535 978 2581 credite
989 2536 1113 2596 evangelio.

225 2600 593 2660 mine,coniitentcspeeeatasua.
757 2603 786 2644 16
809 2599 933 2645 Ambulans
955 2607 1028 2645 autem
1051 2599 1108 2660 apud
1130 2614 1191 2646 mare

258 2669 273 2710 6
292 2663 387 2709 Indutus
398 2670 471 2709 autem
483 2670 530 2708 erat
540 2661 640 2710 ,loannes
657 2663 690 2724 pi·
726 2662 844 2716 Galilaeae,
852 2664 906 2709 vidit
913 2663 1034 2718 Simonem,
1043 2671 1066 2710 et
1075 2663 1191 2710 Andream

225 2727 252 2774 lis
263 2727 404 2783 camelorum,
416 2733 438 2772 et
450 2725 510 2772 zona
520 2723 620 2772 coriacet
634 2727 693 2774 circa
724 2725 814 2772 tratrem
826 2729 879 2788 ejus,
887 2728 996 2789 jacientes
1013 2735 1059 2774 rete
1075 2727 1098 2772 in
1115 2742 1191 2784 mare;

226 2793 310 2839 ambos
332 2806 396 2847 suos;
419 2798 442 2836 et
463 2791 540 2836 edebat
555 2789 651 2838 locustas
667 2798 690 2838 et
721 2800 785 2836 erant
796 2791 855 2837 enim
866 2792 999 2852 piscatores:

226 2856 269 2901 mel
280 2855 386 2901 silvestre.
756 2857 785 2902 17
804 2855 835 2901 Et
841 2855 932 2902 dixiteis
938 2855 1011 2908 Jesns,
1019 2853 1140 2915 Sequimini
1147 2870 1191 2908 me,

258 2922 272 2967 7
295 2917 328 2965 Et
349 2919 492 2980 praedicabat,
514 2917 596 2972 dicens,
620 2917 690 2965 Venit
722 2919 833 2965 etfaciam
846 2928 870 2965 ut
881 2921 928 2966 sitis
940 2920 1190 2981 piscatoresbominum.

226 2978 284 3045 pirric
306 2999 342 3029 me
358 2984 396 3044 qui
412 2983 504 3030 validior
520 2997 557 3029 me
572 2989 612 3037 est,
630 2985 693 3044 euJ'us
760 2987 788 3029 18
806 2983 839 3030 Et
850 2985 896 3044 r'pasi
906 2986 986 3038 statim,
1004 2983 1091 3030 omissis
1107 2984 1190 3030 retibus

226 3063 270 3095 non
285 3063 335 3094 sum
351 3049 433 3110 dignus
448 3047 486 3108 qui
501 3047 630 3094 incurvatus
646 3048 692 3094 sol·
725 3048 776 3100 suis,
789 3049 875 3108 sequuti
887 3056 939 3094 sunt
949 3064 1008 3094 eurn.

226 3127 277 3161 vam
288 3113 406 3176 corrigiam
415 3111 532 3160 solearum.
759 3115 789 3159 19
805 3111 871 3158 Tunc
881 3128 1013 3174 progressus
1027 3112 1086 3157 illinc
1103 3112 1189 3174 paullu-

258 3180 273 3222 8
290 3176 344 3239 Ego
355 3173 444 3239 quiddm
455 3175 565 3238 baptizavi
578 3191 618 3222 vos
629 3172 691 3236 nquit,
724 3175 778 3230 lum,
790 3177 845 3222 vidit
859 3176 967 3225 Jacobum
975 3177 1059 3241 filium
1076 3176 1190 3230 Zebedaei,

227 3243 272 3303 lqse
281 3239 334 3287 verd
341 3241 506 3303 baptizabitvos
512 3239 594 3302 Spiritu
603 3240 692 3286 Sancto.
725 3247 748 3286 et
759 3239 870 3287 Joannem
881 3241 971 3286 fratrem
986 3242 1040 3304 ejus,
1057 3241 1094 3301 qui
1110 3247 1133 3287 et
1150 3240 1190 3302 ipsi

259 3310 274 3352 9
291 3305 324 3352 Ε1
334 3305 418 3352 facturn
428 3313 462 3351 est
473 3305 548 3350 diebus
559 3303 607 3357 illis,
620 3312 645 3349 ut
652 3303 692 3351 Je·
725 3303 748 3350 in
760 3304 850 3365 nauigio
861 3305 983 3351 sarciebant
994 3305 1060 3351 retia:

229 3384 270 3422 ms,
282 3385 350 3430 quum
361 3369 458 3415 venisset
468 3383 483 3414 a
494 3365 624 3414 Nazaretbrl
639 3369 694 3414 urbe
759 3372 791 3414 20
808 3368 932 3428 Statimque
941 3369 1029 3415 vocarit
1037 3383 1089 3415 eos:
1108 3375 1131 3414 et
1140 3370 1190 3428 ipsi,

229 3433 348 3488 Galilaeae,
359 3434 485 3495 baptizatus
496 3432 524 3478 sit
535 3432 557 3477 in
569 3429 693 3478 Jordanea
724 3432 807 3478 omisso
818 3440 881 3493 patre
891 3447 932 3479 suo
944 3433 1059 3478 Zebedaeo
1067 3433 1090 3478 in
1101 3433 1191 3493 navigio

230 3497 323 3546 joanne.
725 3511 776 3542 cum
788 3496 934 3551 mercenariis,
947 3497 1033 3556 sequuti
1045 3506 1097 3544 sunt
1107 3512 1167 3542 eum.

263 3563 291 3604 lt)
310 3560 340 3606 Et
352 3563 370 3606 is
382 3561 455 3607 statim
467 3559 588 3607 ascendens
599 3557 691 3619 exaquii
756 3564 784 3606 21
804 3557 862 3622 th
872 3561 1027 3622 ingrediuntur
1043 3559 1190 3622 capernaum,

233 3626 280 3669 111111
289 3624 340 3668 lindi
349 3625 429 3677 coelos,
437 3635 460 3671 et
468 3624 573 3685 Spiritum
580 3621 643 3688 quasi
651 3641 690 3670 co·
724 3625 841 3686 statimqne
852 3625 941 3671 sabbato
956 3625 1070 3686 ingressus
1086 3627 1153 3674 Jcsns
1170 3626 1191 3670 ic

236 3691 322 3734 tantum
335 3688 467 3734 descendere
478 3702 618 3748 supereum:
723 3703 863 3750 s3nagogarn
874 3689 972 3734 docebat

263 3755 286 3796 11
310 3749 339 3796 E·
353 3765 395 3794 vox
409 3751 600 3799 exstitireeoelis,
613 3750 650 3795 Tu
667 3767 691 3794 ea
757 3756 788 3796 92
806 3753 837 3798 lit
849 3753 1021 3814 percellebantur
1036 3768 1101 3814 snper
1110 3752 1179 3799 ‹lorru'

464 3819 496 3860 38
