2756 4320
581 425 744 480 JOANNES,
769 425 814 472 xl.

227 579 229 582 .
249 541 279 580 au
298 533 328 580 Et
346 549 389 595 ego
401 535 468 580 vitam
480 541 591 579 aeternam
603 531 631 578 do
642 532 681 584 eis,
741 535 760 576 ἱ)
777 531 864 594 (Maria
874 541 948 578 aurem
959 542 985 578 ea
993 540 1040 578 orat
1048 549 1104 593 quae
1111 539 1172 579 unxit

219 613 258 645 nec
269 599 372 659 peribunt
383 599 405 643 in
417 604 539 651 aeternum,
556 611 628 656 neque
645 611 681 642 ra·
714 594 838 642 Dominum
848 604 968 657 unguento,
978 605 1000 642 et
1009 598 1101 642 extersit
1108 597 1174 658 pedes

218 664 262 725 piet
270 663 430 721 easquisquam
442 677 455 706 e
466 675 534 706 manu
544 659 600 706 mei.
712 661 760 720 ejus
771 659 853 720 capillis
865 661 910 706 suis
917 677 924 716 ;
942 662 1005 722 cujus
1015 661 1083 707 frater
1099 661 1174 707 Laza-

250 730 281 772 29
299 724 366 771 Pater
377 725 413 771 ille
424 740 493 777 meus,
511 725 547 784 qui
559 725 611 768 mibi
623 723 683 768 dedit
713 739 750 768 rus
761 722 908 784 aegrotabat.)

218 805 260 844 aas,
272 791 342 850 major
353 791 454 834 omnibus
465 796 513 834 eat:
533 803 605 848 neque
621 788 681 847 quis·
745 791 761 832 5
779 786 893 834 Miserunt
904 804 959 849 ergo
976 803 1063 834 sorores
1082 789 1129 850 ejus
1149 788 1174 834 ad

218 868 282 913 quam
294 861 367 914 potest
378 868 415 898 eas
423 853 507 914 eripere
523 869 535 898 e
552 867 620 898 manu
637 851 681 896 l'a·
713 850 791 911 ipsum,
814 851 918 905 dicentes,
942 852 1047 908 Domine,
1071 866 1128 906 ecce,
1157 853 1175 899 ir

218 917 257 964 tris
268 917 318 962 mei.
713 929 778 974 quem
790 928 856 968 amas,
868 923 975 976 aegrotat.

249 985 283 1026 50
299 981 353 1042 Ego
364 988 386 1026 ct
399 979 466 1026 Pater
477 993 546 1025 unum
558 993 641 1025 sumus.
745 981 762 1022 4
777 975 845 1026 Jesus
856 987 936 1034 autem,
956 983 997 1026 hoc
1016 980 1097 1033 audito,
1114 978 1176 1032 dixit,

250 1049 278 1090 51
300 1045 508 1105 Sustuleruutergo
521 1059 607 1089 rursum
627 1042 682 1104 lapi·
715 1041 811 1088 Morbus
827 1043 869 1088 iste
889 1059 936 1089 non
957 1052 992 1090 est
1013 1045 1127 1090 immissus
1148 1044 1176 1089 ad

219 1111 256 1155 des
268 1107 354 1162 Judaci,
366 1115 391 1154 ut
401 1123 452 1154 curn
464 1109 591 1169 lapidarent.
713 1113 815 1160 mortem,
833 1107 873 1152 sed
882 1123 923 1168 pro
936 1107 981 1154 Dei
999 1105 1077 1168 glomi,
1097 1115 1122 1154 ut
1138 1121 1176 1168 per

249 1177 282 1218 32
300 1173 424 1234 Respondit
434 1173 467 1218 eis
478 1172 551 1226 Jerus,
563 1171 683 1217 Multubo-
714 1185 764 1214 eum
775 1171 876 1216 morbum
887 1171 1022 1232 glorificetur
1035 1171 1104 1217 iltius
1114 1171 1167 1217 Der.

219 1251 247 1283 rra
257 1252 325 1298 opera
335 1236 422 1282 exhibui
434 1238 496 1282 vohis
504 1236 609 1282 ex‘Patre
617 1251 680 1282 meo:
746 1236 761 1280 5
779 1233 893 1296 Diligebat
900 1243 972 1281 autem
980 1235 1047 1283 ,iesus
1057 1235 1178 1290 Martiam,

218 1299 377 1362 propterquod
389 1299 476 1346 illorum
489 1307 580 1362 operum
597 1314 633 1344 me
650 1299 683 1345 la-
713 1305 736 1342 et
746 1313 845 1344 sororem
854 1301 907 1360 ejus,
917 1306 940 1344 et
952 1299 1071 1345 Lazarum.

218 1365 314 1427 pidatis?
747 1367 762 1408 6
781 1360 814 1406 Ut
825 1378 879 1424 ergo
891 1363 973 1409 audivit
984 1365 1048 1408 eitum
1056 1369 1178 1424 aegrotare,

249 1433 282 1474 55
299 1427 471 1488 Responderunt
482 1427 501 1472 ei
510 1426 596 1480 Judaei,
607 1427 683 1473 dicen·
714 1433 761 1470 tum
773 1422 861 1486 quiddm
878 1428 958 1472 mansit
977 1427 1031 1472 duos
1048 1427 1093 1473 dies
1111 1427 1134 1471 in
1151 1442 1178 1472 ea
1196 1461 1200 1468 .

219 1504 258 1546 tes,
271 1491 307 1537 Ob
324 1493 406 1536 bonurn
427 1507 482 1552 opus
498 1506 543 1536 non
561 1491 683 1552 lapidamus
714 1489 764 1534 loco
776 1491 811 1534 ubi
823 1499 878 1536 erut

219 1565 247 1610 te,
265 1557 303 1602 sed
314 1555 515 1615 obblaspbemiam,
533 1555 554 1600 id
571 1563 612 1608 est,
632 1556 683 1615 quia
747 1556 761 1600 7
779 1553 869 1600 Deinde
890 1568 967 1616 postea
983 1555 1037 1600 dixit
1057 1553 1178 1614 discipulis,

219 1628 249 1673 tu,
271 1621 339 1665 homo
361 1635 429 1678 quum
452 1620 489 1673 sis,
511 1619 565 1664 lacis
587 1619 682 1680 teipsum
715 1617 800 1662 Eamus
811 1619 833 1663 in
845 1618 953 1666 Judaeam
965 1634 1049 1664 rursus.

221 1683 303 1730 Deum.
747 1685 761 1726 8
779 1679 866 1728 Dicunt
876 1683 896 1728 ei
907 1683 1012 1744 dlacipuli,
1023 1682 1100 1736 Rahbi,
1109 1678 1178 1727 modd

249 1752 282 1794 54
299 1747 424 1808 Respondit
442 1747 474 1792 cis
494 1745 567 1799 Jesus,
591 1745 682 1800 Nonne,
714 1745 830 1792 studebant
840 1754 862 1792 te
873 1745 952 1793 Judaei
964 1747 1064 1807 lapidare,
1084 1753 1107 1792 et
1127 1759 1178 1792 rur·

219 1813 323 1874 scriptum
335 1812 403 1858 estin
414 1808 552 1874 legecestria,
566 1810 619 1872 Ego
631 1811 682 1866 dixi,
713 1825 762 1854 sum
774 1807 826 1856 ilhlc
836 1809 899 1856 abis?

222 1877 249 1922 ⁴2:
258 1875 329 1922 estis?
747 1879 761 1920 9
778 1873 903 1934 Respondit
913 1873 986 1927 Jesus,
1000 1873 1083 1920 Nonne
1094 1873 1168 1920 duode

250 1944 282 1988 55
301 1941 324 1986 Si
335 1941 385 1986 illos
396 1940 451 1985 dixit
463 1939 522 1992 deos,
534 1938 562 1985 ad
570 1953 626 1998 quos
635 1953 681 1984 ser·
712 1937 757 1982 cim
769 1946 821 1982 sunt
832 1940 898 1984 borae
914 1937 977 1983 diei?
995 1938 1067 1998 Siquis
1083 1938 1179 1985 ambulet

219 2019 255 2050 mo
268 2004 312 2051 Dei
324 2003 396 2050 sactus
406 2011 537 2057 est,etnon
545 2011 619 2063 potest
627 2003 684 2049 solvi
714 2001 815 2055 interdiu,
838 2016 884 2048 non
906 2002 1014 2064 impingit,
1034 2002 1085 2063 quia
1106 2003 1179 2050 lucem

220 2069 333 2129 Scriptura
340 2085 348 2124 ;
714 2064 865 2126 hujusmundi
878 2066 944 2112 videt.

250 2137 282 2178 56
299 2133 374 2185 Mene,
386 2147 451 2191 quern
465 2129 532 2176 Pater
541 2129 685 2176 sanctificavit
749 2133 779 2174 10
795 2129 819 2175 Si
838 2130 887 2190 quis
902 2137 975 2175 autem
993 2130 1088 2176 ambulet
1106 2139 1180 2184 nocte,

218 2203 241 2242 et
251 2195 312 2241 misit
322 2195 345 2242 in
356 2195 470 2244 mundum.
485 2209 526 2240 vos
537 2194 608 2240 dicitis
625 2195 683 2240 blas·
713 2191 823 2254 impingit,
835 2194 886 2254 quia
895 2193 935 2238 lux
946 2194 965 2239 ei
977 2209 1022 2238 non
1031 2194 1099 2240 adest

219 2261 328 2324 phemare,
340 2260 391 2320 quia
399 2259 451 2312 dixi,
464 2257 534 2304 Filius
546 2257 591 2303 Dei
603 2257 673 2304 sum?
749 2260 774 2302 ll
796 2256 861 2304 Haec
877 2258 920 2313 ait;
937 2265 960 2303 et
976 2265 1052 2319 postea
1069 2258 1124 2304 dixit
1141 2259 1180 2310 eis,

252 2324 281 2371 37
300 2324 322 2369 Si
335 2339 380 2368 non
391 2323 448 2368 facio
460 2337 527 2384 opera
544 2321 617 2368 Patris
633 2322 684 2376 mei,
716 2319 824 2375 Lazarus,
836 2322 920 2367 amicus
931 2321 967 2367 ille
977 2329 1059 2375 noster,
1079 2322 1178 2368 dormit:

218 2388 286 2436 nolite
294 2387 384 2434 credere
394 2387 464 2433 mihir
714 2385 753 2432 aed
775 2385 901 2447 proficiscor
917 2392 971 2432 uta
988 2401 1066 2432 somno
1085 2387 1180 2432 excitem

251 2457 282 2498 58
300 2453 339 2512 Sin
352 2449 405 2497 uerd
416 2453 456 2497 iilo
466 2450 528 2504 facio,
536 2449 621 2496 etiamsi
630 2449 683 2494 mihi
713 2463 772 2496 aum.

220 2516 376 2569 non'credatis,
388 2516 489 2576 operibus
501 2523 576 2560 tamen
588 2515 683 2570 credite;
750 2517 779 2558 12
797 2513 911 2560 Dixerunt
929 2529 984 2575 ergo
1006 2513 1105 2574 discipuli
1125 2515 1181 2576 ejus,

220 2587 245 2626 ut
255 2580 397 2642 cognoscatis
408 2586 431 2624 et
442 2579 535 2624 credatis
553 2577 643 2624 Patrem
661 2577 684 2623 in
716 2576 822 2631 Domine,
834 2578 852 2622 ai
863 2577 950 2632 dormit,
963 2578 1091 2624 servabitur.

219 2659 256 2688 me
267 2659 323 2695 esse,
335 2651 358 2688 et
369 2657 405 2688 me
415 2643 438 2686 in
450 2658 484 2686 eo.
749 2644 779 2686 15
796 2640 850 2686 Hoc
857 2649 930 2688 autern
939 2642 1024 2688 dixerat
1034 2641 1101 2689 desua
1108 2641 1136 2688 de
1144 2642 1179 2703 ip-

250 2711 282 2752 59
300 2706 387 2751 Rursus
414 2712 469 2764 'ergo
494 2704 610 2750 studebant
632 2719 683 2750 eum
715 2705 857 2751 siusmorte:
876 2705 940 2751 atilli
957 2703 1063 2766 patiruut
1081 2721 1133 2762 eum
1151 2707 1179 2752 de

219 2769 353 2830 prehendere
363 2785 368 2814 r
389 2769 427 2814 sed
437 2769 541 2814 exivitex
550 2783 627 2813 eorum
636 2783 676 2814 ma
715 2769 848 2816 dormitione
856 2769 928 2815 somni
939 2770 1018 2815 dicere

220 2849 255 2880 nu.
750 2836 779 2877 14
795 2832 861 2879 Tunc
872 2849 927 2894 ergo
938 2833 1005 2881 ,lesus
1016 2833 1071 2879 dixit
1077 2833 1109 2880 eis
1116 2849 1181 2894 aper-

251 2902 284 2943 40
301 2896 405 2956 Abiitque
427 2911 503 2942 rursus
520 2895 548 2941 ud
568 2895 684 2957 trajectum
715 2892 746 2952 tt,
758 2895 861 2943 Lazarus
872 2905 973 2943 mortuus
984 2910 1034 2945 est:

220 2961 330 3014 dordonis,
346 2961 368 3006 iu
380 2975 430 3006 eum
443 2960 516 3006 locum
535 2960 570 3006 ubi
589 2957 684 3020 primdm
750 2964 779 3008 15
796 2960 829 3007 Et
839 2962 926 3022 gaudeo
937 2968 1027 3022 propter
1037 2977 1085 3010 vos,
1095 2968 1120 3006 ut
1130 2975 1180 3006 cre-

146 3078 148 3084 ,
220 3027 291 3072 iuerat
316 3026 423 3080 ioannes,
452 3037 520 3086 quum
552 3025 684 3086 baptizaret,
715 3025 778 3079 datis,
790 3039 826 3072 me
837 3026 881 3071 illlo
892 3041 937 3072 non
948 3025 1030 3072 fuisse:
1050 3026 1088 3072 sed
1104 3039 1181 3072 eamus

200 3123 202 3125 -
221 3091 343 3150 mansitque
354 3089 404 3136 ilhc.
715 3089 744 3137 ad
755 3103 814 3135 eum.

250 3159 278 3200 «tl
300 3155 368 3201 Multi
380 3161 454 3200 autern
467 3153 684 3208 veniebantudeum,
750 3157 780 3200 16
797 3153 862 3199 Dixit
871 3161 945 3199 autem
956 3151 1062 3204 Thomas.
1074 3151 1111 3212 qui
1128 3151 1183 3198 dici·

218 3226 241 3267 at
251 3219 357 3273 dicebant,
375 3217 474 3266 Joannes
491 3218 578 3278 quidem
596 3219 685 3279 signum
716 3222 753 3264 tur
764 3216 884 3278 Didymus,
896 3217 1057 3278 condiscipulis,
1068 3216 1182 3264 Eamuset

220 3283 303 3330 nullum
314 3283 397 3329 edidit:
417 3289 645 3342 quaecuuqueautem
657 3282 685 3328 de
716 3297 764 3338 nos,
776 3289 801 3328 ut
812 3283 931 3327 moriamur
941 3295 1038 3326 cumeo.
1096 3315 1101 3319 .

216 3351 260 3394 tato
270 3347 332 3401 dixit,
344 3361 397 3393 vera
407 3352 477 3392 crant.
752 3349 780 3393 17
798 3345 868 3390 Venit
889 3361 944 3406 ergo
965 3344 981 3392 J
982 3360 1039 3398 esus,
1059 3351 1082 3390 et
1097 3343 1183 3392 iuverit

250 3415 282 3456 42
300 3411 332 3458 Et
353 3411 416 3456 multi
436 3411 479 3455 illic
501 3409 640 3455 crediderant
662 3409 684 3454 in
716 3424 767 3455 eum
776 3410 932 3470 quartumJam
941 3409 998 3455 diem
1008 3408 1030 3454 iu
1038 3419 1183 3454 monumertu

221 3489 278 3523 tuan
746 3487 790 3519 ere.
919 3485 920 3488 ’

716 3487 780 3581 agl8
798 3535 855 3582 Erat
876 3544 950 3582 autem
979 3535 1089 3582 Bethania
1112 3551 1181 3596 prope

382 3599 456 3648 CAR
478 3599 524 3646 lli.
719 3599 900 3660 Hierosolymam
914 3595 1176 3660 serdstadiisquindechn
1244 3607 1248 3614 ’

288 3663 501 3711 EGROTABAT
511 3673 584 3710 autem
596 3662 685 3724 quidam
752 3667 781 3711 19
799 3663 911 3724 Multique
921 3679 950 3710 ex
961 3663 1053 3712 Judaeis
1074 3674 1179 3710 teneram

226 3735 248 3780 s
302 3729 393 3774 nomine
406 3725 686 3782 LazarusaBetbanhhex
717 3727 870 3774 adMartharn
882 3736 904 3773 et
917 3727 1020 3778 Marium,
1039 3734 1062 3773 ut
1079 3727 1169 3773 consola
1240 3787 1248 3794 ι

222 3793 270 3840 tiro
283 3789 369 3836 Mariae
380 3799 402 3836 et
411 3791 515 3836 Marthae
522 3791 604 3836 sororia
611 3791 686 3852 ipsius.
719 3799 796 3837 rentur
806 3805 843 3836 eas
854 3791 881 3835 de
892 3793 960 3838 han-e
972 3808 1018 3836 suo.

415 3859 423 3894 l
432 3857 459 3896 18
