2720 4312
456 437 476 481 1.
489 432 658 482 EPISTOLA
675 431 787 491 ritant,
808 433 842 481 11.

163 536 226 597 pusi
249 537 362 598 inquam,
379 551 441 583 nunc
456 553 507 587 eum
521 553 566 584 non
578 553 627 584 cer·
659 535 765 592 rissciatir,
777 537 920 586 auscultando
931 541 1016 586 venua
1028 555 1062 602 pe:
1077 541 1121 601 Spi-

165 608 243 654 uentea,
270 607 347 647 tamen
375 601 498 656 credentes,
525 603 629 650 exultatio
661 603 912 656 ritumadcharitatem
922 603 1040 650 fraternam
1057 605 1123 650 aimu-

166 665 241 724 gaudio
251 665 358 711 ineffabili
370 672 394 710 et
404 665 519 725 glorioso:
658 666 745 712 lationis
756 677 876 728 expertem,
890 681 919 713 ex
935 683 991 730 puro
1007 667 1073 714 corde
1089 669 1126 719 ali

196 733 210 774 9
225 727 378 789 Repertantes
387 730 510 775 mercedem
519 729 571 776 tidei
577 746 627 776 ves·
658 731 713 776 alios
724 731 808 792 diligite
819 728 917 778 intensi:

175 806 215 843 rae,
227 793 320 838 salutem
336 793 469 838 animarum.
692 797 723 839 23
740 794 845 856 Regeniti
857 810 902 840 non
913 809 942 841 ex
957 796 1040 842 semine
1057 795 1124 842 inter-

199 858 227 900 10
243 855 283 901 De
293 853 338 916 quii
357 856 428 902 salute
444 857 595 916 inquisierunt,
607 864 630 904 et
658 857 732 910 e'unta
744 859 783 904 sed
794 874 838 904 non
850 859 980 914 intereunte,
992 862 1017 906 id
1032 869 1071 912 eat,
1088 875 1127 920 prr

167 933 233 978 [unm
245 922 335 966 scrutati
353 927 405 966 sunt
422 921 588 982 prophetaequi
602 921 630 968 da
659 937 784 967 sermonem
807 921 853 968 Dei
870 922 922 978 vivi,
939 933 962 970 et
978 925 1087 970 manentis
1104 924 1124 969 in

166 980 259 1030 vesturii
271 984 294 1028 in
307 999 348 1029 vos
358 983 431 1044 gratiai
441 982 606 1045 prophetirunt.
659 994 781 1032 aeternum.

198 1049 225 1091 11
245 1047 375 1092 Scrutantes
387 1048 409 1093 in
421 1063 486 1108 quem
495 1056 533 1094 aut
542 1049 629 1108 qualem
692 1051 724 1094 24
742 1048 801 1096 Nam
813 1049 886 1095 onmis
894 1063 946 1094 caro
954 1055 1017 1096 catut
1026 1065 1124 1110 granum

167 1111 270 1172 tantporis
289 1111 406 1156 articulum
428 1113 575 1172 praenuncius
594 1113 631 1158 ille
659 1119 682 1158 et
695 1114 768 1158 omnis
779 1113 851 1174 gioria
861 1113 957 1158 hominis
974 1121 998 1158 ut
1014 1111 1057 1158 iios
1072 1128 1125 1174 gra·

169 1174 202 1235 pri
213 1175 236 1220 in
247 1173 300 1235 ipsis
313 1183 362 1220 crat
382 1174 630 1235 SpicituaChrisdde-
660 1177 739 1222 minis:
764 1177 850 1234 exaruit
865 1191 965 1238 gramen,
983 1184 1005 1223 et
1021 1175 1063 1222 iios
1079 1179 1126 1238 ejus

168 1235 258 1284 sinuaret
268 1247 388 1284 eventurus
401 1237 491 1286 Christo
505 1241 629 1302 perpessio·
660 1239 754 1286 deciditt

166 1313 211 1356 ms,
223 1308 246 1347 et
256 1302 350 1362 gloriam
362 1303 410 1349 illas
421 1311 613 1364 consequuturam.
694 1308 724 1350 25
743 1303 787 1350 Sed
798 1303 889 1350 verbnm
901 1301 996 1349 Domini
1013 1315 1086 1348 manet
1104 1305 1125 1350 in

199 1369 230 1411 la
246 1366 334 1419 Quibus
345 1366 466 1412 revelatum
483 1375 523 1420 est,
535 1383 574 1414 eoa
586 1383 630 1414 non
660 1375 787 1412 aeternum:
807 1367 849 1412 hoc
860 1374 933 1413 autem
945 1375 979 1413 est
990 1367 1080 1414 verbum
1100 1369 1126 1414 ii·

166 1427 212 1484 nh,
229 1429 267 1474 aed
283 1431 347 1475 nobis
362 1445 389 1476 ea
403 1430 561 1486 administrare,
576 1447 632 1492 quae
660 1430 967 1493 iu‹1,quodevangeiizatum
979 1439 1013 1478 est
1024 1432 1093 1478 vobis.

166 1507 225 1539 cuna
246 1494 379 1540 annunciata
396 1502 448 1540 aunt
464 1496 525 1540 vobis
538 1511 578 1556 per
593 1511 632 1542 eos

166 1557 202 1616 qui
229 1558 292 1602 vobis
318 1556 471 1618 praedicimnt
492 1559 631 1620 evangelium
831 1557 904 1607 CAP.
928 1557 962 1606 11.

166 1635 205 1681 per
215 1621 318 1667 emissum
331 1617 344 1666 ὲ
360 1621 423 1667 cocio
440 1622 545 1682 Spiritum
561 1623 630 1668 Sanc·
717 1622 853 1669 ROINDE
863 1622 961 1686 depositi
969 1624 1029 1670 omni
1038 1623 1125 1677 malint.

167 1691 220 1739 tum,
232 1685 255 1730 in
266 1701 319 1746 quae
335 1685 458 1732 desiderant
473 1687 546 1747 angeli
561 1687 631 1732 intro·
731 1697 754 1733 et
765 1688 824 1732 omni
837 1687 894 1740 dolo,
912 1697 934 1732 et
945 1688 1126 1736 simulationibus

167 1749 256 1810 spicere.
338 1743 344 1762 ‘
660 1761 682 1796 et
694 1751 825 1804 invidentiis,
842 1757 865 1795 et
881 1751 983 1796 omuibus
998 1751 1112 1796 obtrectatu
1178 1756 1182 1768 ‘

200 1815 230 1857 la
258 1811 400 1875 Quapropter
426 1814 530 1859 succincti
552 1813 631 1860 lumbis
661 1815 745 1866 onibus,

167 1876 247 1922 mentia
258 1885 351 1932 vestrae,
364 1879 435 1931 sobrii,
448 1874 534 1940 integri
546 1889 631 1938 sperate
694 1883 709 1923 2
729 1877 760 1923 Ut
772 1873 838 1921 modii
849 1877 894 1922 nati
906 1875 1007 1929 infantes,
1023 1875 1057 1921 iac
1074 1875 1126 1925 illud

167 1939 189 1984 in
205 1955 254 1986 eam
271 1957 327 2001 quae
340 1941 402 1986 vobis
417 1941 513 1987 defertur
529 1943 630 2003 gratiam,
661 1942 769 1986 sermonis
791 1941 900 1986 sincerum
922 1940 1025 2002 expetite,
1047 1949 1071 1986 ut
1088 1956 1126 2002 per

167 2003 189 2048 in
199 2003 346 2064 patefactione
356 2003 412 2052 Jesu
425 2003 521 2052 Christi:
661 2005 714 2051 iilud
725 2005 868 2052 adolescatis:

202 2071 230 2112 14
248 2067 282 2114 Ut
292 2067 331 2114 iiiii
341 2069 473 2123 obedientes,
485 2069 521 2129 qui
535 2085 574 2114 eos
586 2085 630 2115 non
693 2073 708 2114 5
726 2069 749 2115 Si
761 2069 848 2128 quidem
859 2065 971 2132 gustistis,
987 2063 1127 2129 quddbonus

167 2130 308 2192 configureris
319 2133 422 2193 pristinis,
431 2134 516 2192 quaein
525 2134 630 2194 ignoran-
661 2133 689 2178 ait
704 2133 829 2180 Doininust

167 2192 281 2241 tiiveatrai
290 2198 419 2256 viguerunt,
431 2197 596 2257 cupiditatibus:
693 2201 709 2242 4
737 2197 774 2242 rid
795 2212 860 2256 quem
883 2196 1018 2250 accedentes,
1040 2195 1077 2256 qni
1093 2209 1127 2242 est

201 2262 231 2304 14
248 2259 292 2306 Sed
305 2261 362 2306 sicut
383 2260 402 2305 is
423 2261 460 2320 qui
482 2276 523 2306 vos
544 2261 632 2306 vocavit
661 2260 715 2321 lapis
728 2261 797 2314 vivus,
810 2261 971 2308 athominitm
985 2256 1073 2318 quidem
1090 2275 1125 2306 re·

167 2329 255 2369 sanctus
276 2330 316 2377 est,
338 2323 379 2384 ipsi
401 2339 489 2383 quoque
516 2325 586 2370 sancti
609 2326 631 2370 in
661 2326 771 2386 probatus,
794 2324 851 2385 apud
874 2323 950 2368 Deum
972 2320 1026 2369 vead
1044 2324 1127 2370 electus

167 2387 227 2432 omni
238 2388 406 2434 conversatione
417 2387 543 2434 reddamini.
661 2404 690 2434 ac
701 2389 822 2449 pretiosus;

201 2453 230 2497 16
247 2449 369 2512 Propterea
390 2448 448 2511 qudd
469 2453 631 2513 scriptumest,
695 2456 710 2498 5
728 2449 773 2512 Ipsi
795 2466 883 2511 qnoque
900 2449 966 2496 veluti
985 2450 1028 2494 vivi
1045 2449 1127 2510 lapidea

169 2513 242 2560 Sancti
253 2523 331 2570 estote,
343 2530 394 2561 nam
406 2531 450 2576 ago
461 2523 549 2562 sanctus
561 2531 617 2563 sum.
662 2515 775 2568 aedificati,
787 2513 844 2560 iiatis
855 2515 934 2560 domus
950 2514 1074 2574 spiritualis,
1092 2530 1126 2560 sa·

202 2581 229 2625 ii
242 2578 632 2640 Etaipatremcognominatiseum,
662 2580 784 2625 cerdotium
812 2585 919 2632 sanctum,
947 2578 974 2624 ad
991 2577 1126 2634 offerendum

169 2642 203 2700 qui
215 2643 270 2688 citra
280 2657 424 2704 personarum
436 2651 559 2704 respectum
571 2644 632 2705 judi·
662 2643 785 2704 spirituales
796 2642 885 2698 hostias,
902 2651 1003 2704 acceptas
1020 2641 1073 2689 Deo
1088 2659 1126 2706 per

169 2713 203 2751 cat
223 2721 252 2752 ex
273 2708 379 2768 cujusque
398 2722 471 2766 opere,
486 2723 537 2752 cum
554 2707 633 2753 timore
662 2706 741 2754 desum
754 2705 876 2754 Christum.

170 2771 284 2816 versamini
294 2771 473 2816 commorationis
482 2778 566 2817 vestrae
575 2779 632 2816 tem·
696 2776 710 2818 6
728 2771 870 2834 Quapropter
880 2772 945 2818 etiam
963 2771 1089 2818 continetur
1105 2771 1126 2817 in

169 2847 232 2895 pore.
663 2834 776 2896 scripturi,
799 2835 867 2889 Ecce,
887 2852 946 2896 pono
963 2837 985 2881 in
1003 2835 1057 2882 Sion
1073 2835 1126 2896 iapi-

202 2901 230 2942 18
248 2896 283 2944 Ut
293 2898 330 2958 qui
342 2897 415 2944 sciatis
426 2913 467 2944 vos
482 2913 527 2944 non
544 2897 632 2944 caducis
663 2899 712 2944 dem
725 2902 746 2944 in
758 2900 803 2944 imo
819 2899 909 2958 angulo,
926 2899 1028 2952 eiectum,
1045 2899 1127 2958 pretio·

170 2961 240 3014 rebus,
262 2969 356 3022 argento
378 2961 414 3007 vel
435 2977 495 3016 auro,
515 2961 582 3008 t'uisse
598 2977 632 3007 re·
663 2977 725 3009 sum:
755 2963 777 3006 in
800 2975 865 3020 quem
887 2961 923 3020 qui
946 2960 1021 3012 credit,
1044 2975 1126 3019 nequa·

169 3024 268 3086 demptos
284 3040 313 3070 ex
328 3023 386 3071 vani
399 3023 437 3071 illa
452 3023 525 3072 vestri
538 3041 632 3072 convcr-
663 3041 727 3086 quam
740 3023 840 3085 pudefiet

170 3089 259 3142 tadone,
270 3085 284 3134 i
294 3089 392 3150 patribus
403 3085 494 3136 tradiit:
579 3105 582 3108 ·
696 3093 708 3135 7
729 3088 798 3132 Vobis
809 3087 877 3149 igitur
888 3093 922 3132 est
933 3085 1019 3138 honori,
1030 3087 1067 3145 qui
1078 3100 1125 3130 cra»

203 3155 232 3200 19
249 3152 294 3198 Sed
311 3153 406 3213 pretioso
423 3155 537 3214 sanguine,
556 3158 633 3213 utpote
663 3151 726 3198 ditis:
757 3149 904 3210 immorigeris
920 3145 974 3194 veni
990 3148 1045 3208 lapis
1062 3163 1126 3210 quera

170 3218 220 3275 agni
231 3215 336 3278 inculpati
345 3225 366 3262 et
374 3217 546 3272 incontaminati,
554 3231 634 3276 nennio
664 3215 835 3276 reprobaverunt
846 3212 991 3266 aedificantes,
1006 3213 1041 3258 hic
1057 3213 1126 3258 saeuit

172 3278 267 3328 Cirristi:
663 3288 697 3324 est
708 3286 773 3339 caput
784 3277 866 3339 anguli,
878 3284 901 3323 et
911 3277 966 3337 lapis
975 3276 1002 3321 ad
1010 3291 1075 3338 quem
1085 3277 1125 3320 im·

201 3349 232 3388 20
256 3341 363 3390 Praesciti
384 3343 472 3402 quidem
500 3349 551 3390 anto
572 3350 634 3404 Jacta
663 3343 767 3405 pingitur,
779 3349 801 3387 et
813 3349 874 3402 petra
884 3339 1023 3394 oii'endiculi3

172 3407 243 3452 arandi
272 3407 422 3461 fundamenta,
449 3407 551 3468 patefacti
579 3405 633 3453 vend
696 3407 819 3464 8Nempe
829 3405 856 3450 iis
866 3405 903 3465 qni
915 3403 1029 3448 offendunt
1040 3403 1067 3448 ad
1082 3419 1125 3447 ser·

173 3469 251 3516 iitimia
262 3471 396 3530 temporibus
405 3481 494 3532 propter
506 3485 561 3526 vos3
663 3485 760 3523 monem,
778 3468 927 3528 immorigeri;
945 3467 972 3512 ad
989 3467 1045 3526 quod
1063 3467 1127 3512 etiam

202 3537 229 3580 al
249 3533 294 3580 Per
310 3549 361 3579 eum
378 3535 492 3580 credentes
508 3534 530 3580 in
549 3533 631 3587 Deum,
663 3534 727 3596 positi
740 3533 835 3577 suerunt.

175 3597 205 3656 pri
217 3596 331 3642 suscitavit
341 3611 392 3642 eum
403 3594 417 3642 d
427 3598 526 3650 mortuis,
544 3604 566 3642 et
582 3597 633 3658 gin-
692 3600 705 3640 8
719 3591 1126 3655 Vosautemediagenuselectum,ro

173 3661 223 3704 *iarn
235 3661 255 3706 ei
266 3660 332 3714 dedit,
345 3667 370 3706 ut
382 3659 436 3707 fides
452 3677 478 3707 ac
495 3675 544 3723 spes
562 3668 636 3706 vestra
664 3659 715 3720 gale
726 3657 879 3711 sacerdotium,
890 3672 947 3719 gens
958 3667 1039 3712 sancta,
1057 3674 1127 3720 popu·

176 3737 192 3766 n
206 3723 257 3769 Deo
268 3730 334 3769 estet.
664 3723 699 3769 lus
710 3737 775 3783 quem
786 3722 829 3767 sibi
839 3722 905 3768 Deus
916 3729 940 3768 ut
951 3722 1062 3786 proprium
1080 3723 1126 3768 vin·

203 3791 233 3832 ‘22
250 3787 297 3841 Qui
309 3789 382 3846 igitar
392 3787 476 3834 animas
492 3795 577 3832 vestras
593 3800 635 3846 pu-
666 3787 736 3840 dicat;
755 3793 779 3831 ut
790 3785 883 3832 virtutes
887 3787 1020 3894 ppaedicetis
1028 3785 1085 3831 iidoc
1093 3799 1126 3844 qia

644 3999 677 4012 μ,
