2756 4320
580 439 686 487 PAULI
704 437 870 486 EPISTOLA

276 555 292 593 6
309 546 407 592 Satuute
422 543 524 600 Mariam¹
541 560 597 595 uuae
612 541 707 590 multdm
738 543 807 598 riunt,
820 544 858 590 sed
869 559 909 590 suo
920 543 1008 590 ventri:
1027 550 1051 589 et
1067 559 1106 604 per
1116 544 1197 590 blandi·

251 611 349 657 aborrvit
360 625 414 670 erga
424 624 471 655 nos.
738 608 871 668 loquentiam
892 613 916 653 et
939 608 1110 653 assentationem
1135 608 1201 656 corda
1222 641 1231 658 .

277 677 290 720 'l
309 673 406 720 Salutate
415 671 568 718 Andronicum
578 678 599 717 et
608 671 706 724 Juniam,
738 673 853 718 hornr’nurn
864 666 955 716 minime
966 671 1074 716 malorum
1086 671 1201 718 seducunt.

247 744 351 797 eogrratos
362 751 430 788 meos,
442 742 465 781 et
480 737 622 796 concaptivos
637 751 705 788 nicos,
772 739 801 782 19
818 735 900 780 Vestra
909 735 968 780 enim
980 735 1103 781 obedientia
1112 735 1141 780 ad
1152 750 1189 782 om

247 801 281 860 nui
292 808 344 846 sunt
354 801 453 860 insignes
466 800 523 844 inter
539 799 657 860 apostolos,
669 801 705 858 qui
739 813 779 844 ncs
789 799 896 860 pervenit.
931 799 1024 845 Gaudeo
1031 799 1099 860 igitur
1107 799 1166 858 quod
1175 799 1201 844 ad

245 865 308 910 etiarn
320 871 370 909 ante
381 863 516 910 meluerunt
527 863 549 908 in
563 861 660 910 Christo.
739 877 780 908 vos
798 863 893 917 attinetf
910 863 949 908 sed
966 863 1018 907 volo
1037 877 1078 907 vos
1093 863 1201 922 sapienter

276 932 291 972 8
309 927 407 974 Salutate
416 927 530 988 Amplium
540 927 642 972 dilectum
654 927 706 972 mihi
739 920 827 986 quiddm
839 941 887 971 esse
898 927 920 971 in
932 927 995 974 rebus
1011 926 1079 980 horris,
1092 926 1201 988 simplices

245 989 266 1038 la
279 989 397 1037 Domino:
740 986 826 1035 vendin
838 989 907 1035 malis
992 1042 995 1049 Ι

276 1059 292 1102 9
317 1055 415 1101 Salutate
441 1054 563 1100 Urbanum.
586 1055 707 1116 adjutorem
772 1057 803 1098 20
821 1050 892 1098 Porrd
904 1051 969 1098 Deus
980 1051 1039 1114 pacis
1050 1053 1189 1100 conteret&

245 1125 344 1164 nostrum
355 1119 378 1166 in
391 1117 488 1172 Christo,
504 1127 527 1164 et
545 1119 642 1179 Stachyn
653 1119 706 1164 mihi
737 1123 812 1162 tanam
829 1117 869 1162 sub
879 1117 946 1177 pedes
957 1122 1043 1162 vestros
1054 1113 1105 1162 citd.
1141 1117 1199 1164 Gra-

246 1181 354 1228 dilectum.
738 1180 769 1226 tia
780 1179 874 1233 Domini
885 1180 955 1226 nostri
966 1179 1021 1228 Jesu
1031 1178 1114 1228 Christi
1120 1181 1152 1227 sit
1160 1195 1200 1226 vo·

279 1249 308 1291 10
325 1245 423 1292 Salutate
434 1245 542 1307 Apellem,
554 1245 668 1306 probatum
683 1245 706 1290 in
738 1244 829 1289 hiscum.
863 1243 945 1290 Amen.
967 1263 969 1268 ·

246 1306 342 1356 [hrisco.
377 1309 475 1355 Salutate
493 1323 532 1355 eos
551 1309 588 1368 qui
608 1316 660 1354 suut
678 1323 706 1354 ex
770 1311 798 1353 21
819 1305 1201 1370 Salutaiitvos'l'rmotheusaljutot

246 1371 536 1433 Aristobulifnmiliorihus.
737 1385 806 1425 meus.
822 1377 845 1417 et
861 1369 951 1427 Lucius,
968 1377 992 1417 et
1007 1369 1083 1424 Jason.
1098 1377 1122 1417 et
1139 1371 1201 1417 Sosi·

277 1439 303 1481 11
319 1435 416 1482 Salutate
423 1435 576 1481 Herodionem
585 1442 705 1496 cognatum
737 1441 805 1496 pater,
817 1435 906 1495 cognati
917 1449 968 1482 mn'..

243 1513 323 1544 meum.
348 1499 446 1544 Salutate
454 1499 536 1558 eosqui
544 1507 598 1544 sunt
606 1514 635 1544 ex
644 1499 704 1544 Nar·
769 1503 800 1544 22
818 1499 972 1545 Salutovosin
980 1497 1082 1544 Domino
1090 1513 1134 1560 ego
1141 1497 1199 1544 Ter·

243 1562 293 1607 cissi
301 1560 469 1622 familiaribus,
486 1578 531 1616 eos,
548 1563 650 1622 inquom,
667 1563 704 1622 qui
736 1563 797 1618 tiua;
814 1562 850 1624 qui
862 1562 966 1624 descripsi
975 1562 1098 1622 epistolam.

243 1625 329 1672 russin
341 1625 449 1670 Domino.
769 1631 801 1671 25
818 1625 903 1672 Salutat
914 1642 955 1672 ros
968 1626 1038 1672 Gaius
1046 1627 1126 1687 hospes
1137 1640 1201 1671 meus

276 1692 306 1734 12
323 1689 421 1735 Salutate
435 1688 591 1750 Tryphaenam
606 1695 628 1734 et
643 1687 703 1749 Try·
736 1698 759 1735 et
769 1690 874 1736 ecclesiae
885 1686 969 1746 totius}
986 1690 1118 1736 salutatvos
1130 1688 1200 1734 Eras-

243 1753 340 1812 pharam,
360 1769 415 1813 quae
435 1753 535 1798 laborant
554 1755 577 1799 in
595 1752 703 1798 Domino.
736 1752 1200 1814 tusprocuratorurbis,etQuartuslrater.

244 1816 341 1863 Salutate
354 1815 445 1863 Persida
455 1817 562 1870 dilectam,
574 1833 629 1877 quae
646 1817 703 1862 mul·
768 1821 800 1863 24
823 1817 1021 1874 GratiapDomiui
1049 1817 1119 1862 nostri
1146 1815 1201 1864 Jesu

244 1877 289 1926 tdm
300 1881 406 1926 laboravit
417 1896 439 1926 m
453 1880 560 1927 Domino.
739 1878 821 1928 Christi
830 1883 861 1928 sit
869 1897 919 1927 curn
927 1882 1028 1927 omnibus
1035 1881 1104 1926 vobis.
1117 1881 1200 1926 limen.

278 1948 308 1989 13
325 1945 423 1991 Salutate
448 1944 533 1990 Rulum
555 1944 659 1990 selectum
682 1945 704 1990 in
770 1948 801 1992 25
818 1942 956 2006 Eiverdqui
967 1951 1040 2005 potest
1048 1959 1088 1989 vos
1098 1943 1200 1997 stabilire,

245 2005 351 2060 Domino,
363 2016 386 2054 et
397 2016 488 2052 matrem
500 2010 546 2070 ejus
557 2023 582 2052 ac
594 2023 672 2054 meam.
737 2006 857 2054 secundirm
868 2024 924 2054 evan
954 2009 1008 2054 lium
1019 2023 1093 2053 meum
1102 2015 1125 2052 et
1135 2021 1200 2067 prae·

278 2074 307 2114 14
319 2071 578 2130 Salutaterlsyncritum,
590 2070 703 2132 Phlegon·
736 2073 824 2118 conium
841 2071 896 2120 Jesu
914 2025 1004 2125 Cgliristi
1021 2085 1049 2117 ex
1066 2070 1201 2117 revelatione

159 2190 162 2199 y
243 2139 294 2187 tem,
315 2133 431 2187 Hermam,
451 2133 575 2188 Patronem,
594 2134 703 2189 Hermen,
736 2136 834 2195 mysterii
851 2135 1078 2196 quudatcmporibus
1094 2133 1199 2180 seculari-

242 2197 312 2256 etqui
323 2213 373 2242 cum
386 2198 412 2243 iis
423 2204 475 2243 sunt
485 2196 570 2244 fratres.
735 2199 776 2244 bus
787 2201 876 2245 tacitum
888 2200 944 2254 fuit3

276 2264 304 2308 15
318 2261 416 2307 Salutate
425 2261 574 2323 Philologum,
583 2268 606 2307 et
614 2260 704 2316 Juliam,
769 2267 800 2309 26
818 2263 885 2308 Nunc
897 2259 950 2308 verd
960 2261 1042 2307 factum
1052 2268 1085 2307 est
1094 2261 1200 2308 manifes-

243 2323 349 2378 Nereum,
365 2333 387 2371 et
402 2340 500 2372 sororem
517 2328 570 2387 ejus,
585 2333 608 2371 et
623 2325 703 2386 Olym·
737 2332 791 2379 turn,
810 2333 833 2372 et
854 2341 893 2387 per
913 2327 1036 2386 Scripturas
1054 2325 1201 2386 propheticas,

242 2402 298 2448 pam,
310 2390 380 2450 etqui
392 2405 442 2436 cum
453 2389 480 2435 iis
491 2398 543 2436 suut
553 2405 631 2436 omnes
640 2405 704 2436 sanc-
736 2403 765 2435 ex
775 2390 866 2450 imperio
886 2389 967 2436 aeterni
986 2388 1038 2442 Dei,
1054 2389 1081 2434 ad
1095 2390 1201 2435 obedien·

242 2459 283 2497 tos
736 2454 789 2498 tiam
800 2453 857 2508 lidei,
869 2454 969 2499 omnibus
985 2453 1088 2514 gentibus
1101 2453 1199 2500 declara·

276 2519 305 2560 16
323 2515 421 2562 Salutate
429 2516 463 2561 alii
472 2516 527 2562 alios
535 2515 611 2561 osculo
620 2525 703 2562 sancto.
735 2525 783 2562 tum
793 2533 801 2572 ς

242 2576 343 2622 Salutant
354 2595 395 2624 vos
405 2579 510 2624 ecclesiae
522 2577 612 2625 Christi.
768 2583 798 2627 27
810 2579 864 2632 Soli,
873 2581 975 2640 inquom,
986 2578 1076 2640 sapienti
1087 2577 1140 2624 Deo
1148 2580 1199 2640 glo-

275 2644 303 2686 17
322 2640 405 2686 Precor
421 2649 494 2686 autern
510 2658 557 2695 vos,
576 2643 661 2689 fratres.
679 2649 703 2688 ut
735 2642 767 2689 ria
788 2659 827 2704 per
848 2643 926 2692 Jesum
947 2642 1060 2692 Christum
1080 2643 1103 2690 iu
1118 2643 1199 2690 secula.

241 2703 361 2748 observetis
372 2705 509 2748 dissidiorum
517 2711 539 2749 et
551 2705 702 2751 scandalorum
736 2708 818 2753 Amen.

241 2774 340 2811 auctores
351 2775 429 2812 contra
445 2767 565 2812 doctrinam
583 2784 648 2827 quam
662 2785 702 2816 vos
734 2776 737 2782 ’

240 2829 359 2884 didicistis;
376 2839 398 2875 et
409 2830 521 2876 declinetis
532 2831 559 2876 ab
569 2831 608 2878 eis.
734 2833 772 2879 Ad
791 2832 907 2880 Romanos
926 2834 1007 2894 scripta
1022 2833 1064 2880 luit
1079 2832 1199 2892 Corintho,

274 2895 303 2938 18
320 2891 380 2938 Nam
395 2909 432 2954 qur
449 2895 555 2956 ejusmodi
571 2903 631 2949 nant,
649 2893 700 2941 Do·
764 2912 804 2958 per
812 2897 916 2944 Phoeben
924 2898 1045 2944 ministram
1052 2896 1184 2948 Cenchradn

241 2955 301 3004 mino
317 2965 394 3004 nostro
410 2957 465 3006 Jesu
483 2955 573 3005 Christo
591 2974 635 3006 non
653 2973 700 3006 ser·
765 2961 795 3007 111
806 2961 917 3008 ecclesiae.

293 3328 435 3389 1111111
461 3327 697 3408 crossum
723 3328 956 3388 11111011
985 3328 1133 3388 111111

522 3429 585 3486 nu
610 3429 928 3514 corrrnruros.¹

412 3569 485 3621 CAP.
509 3569 529 3617 l.
764 3577 779 3619 2
796 3573 911 3621 Ecclesiae
922 3574 968 3621 Dei
980 3590 1035 3636 quae
1043 3581 1077 3632 est
1085 3571 1195 3632 0011111111,

293 3631 429 3680 AULUS
448 3636 564 3680 vocatione
586 3636 700 3695 apostolus
731 3637 871 3684 sanctificatis
889 3639 912 3684 iu
925 3638 1015 3686 Christo
1028 3639 1091 3694 Jesu,
1103 3641 1191 3694 vocatia

322 3695 378 3743 Jesu
401 3695 484 3743 Christi
505 3713 544 3758 per
562 3698 697 3745 voluntatem
730 3702 818 3756 sanctis,
840 3716 891 3747 cum
913 3703 1015 3748 omnibus
1031 3704 1068 3762 qui
1089 3705 1186 3750 iuvocan

240 3755 293 3815 Dei,
304 3764 327 3803 ct
339 3757 473 3865 801111011εῆ
475 3759 545 3866 grater
730 3779 811 3811 nomen
831 3763 925 3812 Domini
945 3766 1014 3814 nostr·
1031 3766 1088 3815 Jesu
1103 3765 1191 3814 Christi
