2734 4314
576 425 680 486 uuna,
700 425 720 473 Ι,

188 533 217 573 26
234 526 343 587 {Mense
363 533 439 571 autem
462 533 530 569 sexto
550 527 626 570 missus
659 529 692 573 litt
701 533 772 574 foetus
786 535 807 575 in
817 536 879 572 utero
890 531 953 589 cjus3
971 541 993 576 et
1003 531 1122 592 replentur

162 601 189 639 rst
199 591 292 652 angelus
305 589 397 636 Gabriel
409 604 424 634 a
437 587 500 640 Deo,
518 587 540 633 it
553 587 627 632 urbem
661 588 744 648 spiritu
755 586 840 637 Sancto
852 591 991 646 Elizabetha,

161 656 275 708 Galilaeae,
288 653 324 700 cui
336 668 419 699 nonren
433 651 573 706 Nazaretha,
691 657 724 698 42
741 653 925 716 Exclamavitque
937 674 991 705 voce
1003 656 1090 722 inagna
1102 667 1122 706 ct

189 724 218 766 27
237 719 275 764 Ad
294 717 406 778 virginem
427 716 562 776 desponsam
579 715 628 761 viro
659 717 721 770 dixit,
745 717 867 766 Benedicta
888 729 912 766 tu
937 722 994 768 iuter
1015 723 1119 770 mulieres

162 799 192 831 rut
210 797 293 828 nomen
310 792 360 828 erat
378 781 502 842 Josephus,
516 793 545 825 ex
561 779 628 826 domo
659 782 710 842 quia
721 783 848 830 benedictus
859 783 943 832 tructus
955 787 1010 833 uteri
1022 789 1061 834 tui.

163 847 269 894 Davidis:
289 861 373 892 nomen
385 855 461 891 autem
474 843 567 905 virginis
578 852 627 892 erat
691 850 724 892 43
741 845 774 893 Et
793 849 850 894 unde
869 849 912 895 hoc
930 851 990 904 mihi,
1009 859 1034 897 ut
1053 853 1122 900 venia

162 910 240 957 hieria.
660 919 731 956 meter
743 910 836 958 Domini
848 913 891 958 mei
902 913 929 959 ad
940 913 992 960 me?

191 980 222 1021 28
250 973 372 1035 Ingressus
394 973 464 1034 igitur
487 971 580 1034 angelus
600 972 629 1020 ad
693 978 725 1019 44
742 973 804 1020 Ecce
815 976 881 1030 enim,
893 985 917 1022 ut
930 979 1014 1024 exstitit
1031 994 1076 1025 vox
1089 995 1123 1028 sa·

161 1055 214 1094 aaut,
226 1039 290 1092 dixit,
302 1038 362 1091 Ave,
374 1035 448 1098 gratiit
459 1036 555 1082 dilecta:
576 1036 628 1083 Do·
660 1037 775 1084 lutationis
792 1047 843 1085 tuae
856 1040 879 1085 in
894 1042 982 1087 auribus
996 1044 1057 1096 meis,
1074 1046 1119 1091 sub

163 1105 233 1149 atinus
249 1111 325 1149 tecum
342 1110 374 1150 est
384 1120 392 1149 :
411 1101 526 1148 benedicta
537 1110 561 1146 tu
572 1101 629 1158 inter
662 1102 714 1149 sitiit
725 1102 798 1148 foetus
809 1103 922 1150 exsultans
934 1105 956 1150 in
969 1115 1031 1152 utero
1043 1122 1099 1153 meo.

164 1169 271 1214 mulieres.
695 1169 726 1212 45
740 1166 770 1212 Et
779 1167 944 1228 beataestqttae
953 1170 1057 1216 credidit:
1075 1187 1125 1218 uam

194 1237 225 1279 29
241 1230 286 1277 llla
300 1226 355 1276 verti
374 1245 442 1290 qaum
461 1245 511 1275 eum
532 1229 629 1284 vidisset,
661 1229 802 1292 perficientur
821 1247 848 1278 ea
864 1247 920 1293 quae
935 1234 994 1280 dicto
1010 1243 1060 1280 sunt
1077 1237 1096 1282 ei
1114 1251 1126 1284 a

164 1297 287 1358 perturbata
308 1303 344 1340 est
365 1309 432 1355 super
454 1295 502 1355 ejus
521 1308 629 1348 sermone,
663 1295 772 1342 Domino.

164 1376 185 1407 e.
195 1361 306 1422 cogitabat
314 1357 385 1419 qualis
396 1365 456 1404 esset
467 1357 569 1403 salutatio
580 1356 629 1404 ista.
694 1363 725 1406 46
737 1359 803 1406 'l'unc
810 1361 840 1407 ait
849 1359 929 1417 Maria,
937 1361 1071 1424 lilagttificat
1076 1365 1125 1412 aui-

193 1429 226 1470 50
241 1423 309 1470 Tunc
320 1423 376 1468 dixit
384 1422 404 1468 ei
411 1421 511 1484 angelus,
521 1420 558 1467 Ne
569 1422 629 1475 time,
662 1437 759 1470 mamea
771 1424 902 1480 Dominum,

166 1488 256 1545 hlaria3
284 1503 309 1534 es
335 1487 395 1533 enim
423 1487 447 1532 in
474 1483 546 1548 gralli
572 1485 631 1548 apud
693 1492 724 1535 47
743 1489 774 1535 Et
785 1490 881 1536 exsultat
892 1491 980 1552 spiritus
992 1507 1054 1538 meus
1062 1507 1125 1555 super

166 1553 247 1599 Deum.
662 1551 715 1598 Deo
726 1563 838 1600 servatore
850 1570 912 1600 meo:

194 1621 222 1662 51
243 1616 276 1664 Et
286 1631 345 1671 ecce,
357 1614 470 1676 concipies
486 1613 509 1660 in
525 1621 595 1667 utero,
607 1619 630 1659 et
693 1619 723 1662 48
740 1617 800 1671 Quia
809 1619 904 1680 respexit
912 1619 1016 1665 humilem
1025 1621 1125 1666 ancillam

165 1681 233 1742 paries
243 1679 329 1736 tilium;
346 1688 369 1726 et
384 1679 475 1725 vocabis
489 1693 570 1724 nomen
582 1679 629 1740 ejus
661 1696 736 1727 suam:
756 1697 813 1735 ecce,
833 1683 899 1736 enim,
920 1697 948 1728 ex
968 1685 1010 1729 hoc
1029 1693 1126 1744 tenpore

164 1745 284 1794 JESUM.
659 1745 744 1790 beatam
756 1761 792 1791 me
803 1747 958 1807 praedicabunt
972 1763 1050 1794 omnes
1066 1757 1126 1795 acta·

194 1814 227 1855 52
245 1809 291 1855 llic
302 1808 344 1854 erit
355 1822 459 1869 magnus,
469 1813 491 1852 et
504 1805 573 1852 Filius
585 1806 629 1852 Al·
660 1816 708 1865 tes;

165 1874 242 1920 tissimi
255 1873 381 1928 vocabitur;
400 1871 533 1931 dabitqueei
547 1870 628 1916 Domr-
694 1877 725 1919 49
743 1871 802 1926 Quia
810 1869 928 1934 magnifice
936 1888 1022 1918 mecum
1030 1875 1126 1936 cgitpo·

165 1953 205 1984 nus
217 1937 291 1984 sedern
304 1936 400 1982 Davidis
412 1935 481 1997 patris
491 1935 571 1995 ipsius:
661 1948 711 1982 tens
722 1936 765 1990 ille,
777 1940 840 1998 cujus
851 1945 952 1982 smrctum
963 1945 994 1984 est
1007 1953 1103 1994 nomem

194 2007 228 2048 55
245 2001 401 2063 Regnabitque
423 2000 446 2044 in
464 1998 531 2044 domo
551 1998 629 2046 Jarobi
694 2005 726 2048 50
744 2000 775 2046 Et
792 2003 856 2064 cujus
876 2001 1061 2050 misericordiam
1077 2019 1126 2048 om·

163 2068 185 2113 in
200 2075 314 2113 aeternum
322 2083 331 2123 ;
347 2073 371 2111 et
386 2063 450 2126 regni
465 2064 513 2126 ejus
528 2060 576 2108 non'
588 2064 630 2110 erit
661 2081 701 2111 nes
712 2073 794 2112 aetates
802 2075 889 2126 prorata
901 2075 934 2112 est
951 2067 1077 2114 timentibus
1093 2068 1125 2130 ip·

164 2130 219 2177 linis
661 2145 717 2176 sum.
1104 2143 1107 2150 ·

194 2199 226 2240 54
245 2193 311 2240 Dixit
330 2201 404 2238 autem
425 2190 500 2237 Maria
517 2192 544 2237 ad
559 2207 628 2252 ange·
693 2199 720 2240 51
742 2194 811 2240 Forte
822 2194 906 2240 facinus
917 2194 969 2240 lecit
979 2195 1068 2241 brachio
1076 2210 1126 2242 sunt

164 2259 216 2314 lunt,
228 2258 350 2314 Quomodo
361 2257 404 2303 erit
415 2256 480 2310 istud,
492 2257 629 2316 quandoqn·
661 2258 774 2318 dissipavit
786 2259 890 2318 superbos
907 2259 1042 2320 cogitatione
1055 2261 1127 2306 cordis

163 2324 213 2370 dem
225 2324 297 2369 virum
308 2337 354 2368 non
365 2319 438 2366 novi?
662 2323 774 2383 ipsorum:

194 2391 227 2434 55
245 2386 277 2433 Et
285 2385 422 2447 respondens
432 2383 525 2446 augelus
536 2383 592 2429 dixit
603 2383 629 2438 ei,
694 2389 726 2432 52
743 2383 849 2430 Detraxit
865 2392 967 2445 potentes
978 2401 991 2432 e
1002 2386 1094 2442 thronis,
1106 2395 1127 2434 et

165 2451 259 2513 Spiritus
271 2450 366 2497 Sanctus
382 2449 523 2509 superveniet
534 2448 555 2492 in
568 2457 596 2501 te,
608 2456 631 2494 et
662 2450 741 2495 extulit
752 2449 862 2495 humiles:

165 2517 235 2562 virtus
246 2513 355 2560 Altissrmi
367 2513 500 2558 inumbrabit
509 2520 545 2558 te:
563 2528 629 2573 prop-
694 2517 726 2560 53
743 2513 867 2559 Famelicos
879 2512 978 2574 implevit
986 2513 1056 2570 bonis,
1064 2515 1114 2562 etdi

165 2587 224 2626 terea
242 2581 267 2625 t'd
286 2579 352 2624 etiam
371 2577 431 2637 quod
449 2584 551 2622 nascetur
564 2591 592 2621 ex
609 2586 630 2622 te
662 2579 719 2624 vites
730 2577 840 2640 ablegavit
852 2579 935 2624 inanes.

164 2651 272 2697 sanctum,
285 2642 399 2688 vocabitur
413 2639 482 2686 Filius
495 2639 547 2686 Dei.
693 2646 725 2690 54
743 2643 845 2704 Suscepit
862 2642 967 2689 lsrailcm
984 2659 1077 2705 puerum
1089 2661 1123 2692 su·

195 2712 228 2754 56
246 2707 278 2754 Et
297 2721 355 2760 ecce,
379 2704 514 2751 Elizabetha
534 2713 630 2766 cognata
661 2723 705 2762 mn,
718 2715 742 2754 ut
753 2723 838 2753 mentor
849 2716 907 2756 esset
918 2709 1095 2766 misericordiae3

166 2771 300 2831 tumetipse
310 2769 413 2830 concepit
429 2768 498 2813 filiurn
513 2769 535 2814 in
551 2783 628 2814 senec·
693 2775 724 2818 55
754 2771 825 2818 Proui
849 2773 954 2833 loquutus
975 2782 1009 2820 est
1030 2775 1127 2835 patribus

165 2843 212 2882 tute
223 2833 277 2891 suit;
293 2842 316 2880 et
323 2836 358 2879 hic
366 2833 448 2879 mensis
455 2839 490 2879 est
498 2839 573 2878 sextus
582 2833 629 2894 ipsi,
662 2836 750 2890 nostris,
762 2838 873 2883 nintt'rttm
882 2837 1016 2892 Abrahatno,
1026 2847 1049 2884 et
1060 2839 1125 2884 semi·

165 2915 220 2960 quae
231 2899 350 2946 vocabatur
361 2896 448 2943 sterilis.
662 2901 685 2946 ni
696 2903 749 2964 ejus,
759 2901 781 2947 in
792 2910 915 2947 aeternum.

195 2967 227 3011 57
245 2962 306 3016 Quia
316 2962 375 3023 apud
386 2960 463 3006 Deum
475 2975 521 3006 ¹¹⁰¹!
537 2960 580 3007 erit
596 2961 630 3006 ul·
694 2971 726 3011 56
743 2964 830 3012 Mansit
845 2972 920 3010 sutem
938 2963 1013 3009 Marta
1023 2979 1074 3010 cum
1091 2959 1128 3010 illi

165 3026 209 3074 lum
221 3028 312 3074 verbum
323 3026 384 3086 quod
393 3024 441 3072 lieri
452 3039 498 3072 non
509 3025 585 3086 possit.
662 3043 724 3088 quast
736 3043 824 3073 menses
834 3035 887 3081 tres,
904 3034 928 3072 et
939 3035 1020 3086 postea
1037 3028 1128 3073 revertit

194 3095 227 3138 58
245 3090 312 3137 Dixit
322 3097 398 3136 autem
414 3088 495 3143 Maria,
512 3088 574 3136 Ecce
590 3104 631 3135 an·
662 3093 753 3138 domum
765 3105 835 3136 suam.

165 3156 215 3203 eilia
235 3155 347 3211 Domini;
374 3153 413 3200 liat
435 3153 488 3198 mihi
510 3151 632 3199 aeeundrim
695 3159 726 3202 57
744 3148 1127 3215 1Elisabethae'verdcomplctum

165 3221 256 3266 verbum
275 3227 346 3266 tuum.
380 3217 413 3266 Et
431 3217 484 3264 abiit
501 3218 529 3264 sb
545 3215 572 3264 ei
590 3233 631 3264 an-
662 3226 697 3264 est
708 3225 795 3280 tempus
806 3217 834 3264 ad
850 3216 994 3278 patiendum3
1011 3224 1034 3262 et
1044 3219 1128 3279 peperit

200 3300 234 3332 us.
662 3283 738 3329 lilium.

165 3284 227 3397 'elssti
244 3348 370 3410 qsmgens
381 3343 435 3392 sord
453 3345 527 3393 Maria
541 3361 580 3408 per
593 3361 632 3392 eos
695 3352 726 3395 58
744 3347 776 3394 Et
787 3346 902 3392 audierunt
912 3344 999 3391 accolae
1007 3351 1030 3391 et
1039 3353 1127 3408 cognata

166 3411 216 3466 des,
235 3413 336 3475 prolecta
353 3421 388 3457 est
405 3411 427 3457 in
446 3419 575 3456 montanam
594 3426 630 3456 re·
662 3415 716 3474 ejus,
730 3412 854 3458 Dominum
870 3407 987 3471 magnilicit
1003 3411 1126 3457 misericor«

166 3479 252 3536 glanem
274 3491 326 3522 cum
346 3474 493 3529 festinatione,
512 3475 534 3521 in
555 3475 630 3520 urbem
662 3475 697 3524 diit
717 3475 756 3523 sud
774 3491 838 3521 usum
854 3491 903 3520 esse
918 3489 973 3535 erga
988 3490 1052 3531 cam3
1069 3476 1127 3522 etei

166 3540 252 3596 Judae;
661 3542 834 3603 gratulabantur.

196 3610 229 3651 40
246 3605 279 3651 Et
290 3605 391 3664 ingressa
401 3612 435 3648 est
446 3602 535 3650 domum
545 3603 629 3650 Zachu·
694 3609 726 3652 59
744 3604 776 3651 Et
786 3603 868 3648 factum
878 3611 918 3655 cst,
927 3611 950 3648 ut
958 3603 993 3650 die
1000 3614 1079 3651 octavo
1089 3621 1125 3651 vo-

167 3669 216 3722 dae,
227 3676 250 3715 et
262 3668 366 3714 salutavit
378 3667 539 3714 Elizabetham.
662 3670 736 3715 nerint
746 3667 774 3714 ad
785 3667 985 3715 circumcidendum
1001 3670 1125 3731 puerubnm

198 3737 225 3778 41
247 3732 280 3779 Et
291 3732 374 3778 factum
385 3739 426 3785 est,
441 3739 465 3778 ut
480 3732 564 3779 audivit
581 3729 630 3778 Eli·
664 3734 771 3779 vocabant
782 3739 855 3777 autem
870 3747 922 3778 eum
938 3748 967 3780 ex
983 3735 1074 3781 nomine
1089 3751 1126 3794 pa·

169 3797 261 3843 calatha
280 3796 433 3842 salutationem
453 3795 546 3842 Mariae.
561 3797 630 3842 subsi-
664 3797 703 3842 tris
715 3797 789 3853 ipsius,
803 3794 933 3846 Zachariam

392 3863 422 3903 65
