2756 4320
571 397 733 457 JOANNES,
755 399 814 448 vib

214 505 301 555 enimin
309 503 490 560 Judseriversnri,
499 504 550 565 quia
558 504 676 552 studebant
706 505 743 552 hie
760 522 828 554 remx
843 521 883 564 est.
901 516 924 556 et
938 509 1043 572 injustitia
1053 525 1076 557 m
1086 525 1115 559 sn
1131 526 1167 556 nor

214 585 264 618 eum
275 569 354 617 Judnei
366 569 483 616 trucidare.
708 577 750 615 est.

245 629 343 695 ιὶΡτορὲ
352 640 425 678 autern
432 639 480 678 erut
488 631 569 678 festum
575 631 675 679 Judaeo-
743 636 773 680 19
787 632 871 682 Nonne
888 634 968 682 Moses
984 637 1044 682 dedit
1060 637 1123 684 vobis
1137 637 1169 684 ic·

214 713 263 746 mm
276 698 421 758 scenopegia.
708 712 768 758 gem,
785 705 894 746 ettamen
907 695 1013 746 nenioex
1029 701 1092 746 vobis
1107 717 1161 762 pras

245 761 387 808 eniserunt
402 761 470 822 igitur
486 760 514 805 sd
530 775 582 805 eum
596 759 677 806 fratres
709 769 753 806 stat
764 761 856 822 legem?
873 764 925 823 quid
942 780 978 809 me
994 765 1086 810 studetis
1102 767 1159 812 miei

214 828 268 887 eJ'us,
286 825 412 886 Digredere
423 825 481 877 hinc.
498 830 521 870 et
533 824 588 869 vnde
598 824 621 869 in
632 823 676 872 Ju·
710 823 782 870 dare?

215 891 298 943 decem,
315 898 340 935 ut
356 890 387 935 tui
404 897 491 948 quoque
502 888 601 950 discipuli
613 903 677 950 spec-
742 892 774 934 20
785 887 909 948 Respondit
922 891 984 936 turba
994 907 1016 936 et
1028 891 1089 943 dixit,
1107 890 1161 939 Dae

216 961 263 1001 tent
273 969 339 1014 opem
351 961 389 1000 tus
399 968 455 1013 quue
465 951 526 998 susis.
708 953 808 998 munium
824 954 905 1000 hebes:
924 955 973 1014 quis
985 963 1007 1001 te
1017 955 1090 1002 studet
1102 955 1159 1003 truci

247 1022 263 1062 4
275 1017 351 1064 Nemo
362 1019 421 1063 enim
433 1020 455 1062 in
466 1015 555 1061 occuito
568 1013 621 1062 fucit
637 1015 677 1062 eli·
708 1015 780 1062 dere?

216 1083 274 1143 quid,
291 1089 313 1128 et
324 1082 408 1142 quaerit
418 1082 466 1142 ipse
476 1080 567 1126 celebris
578 1095 640 1126 esse:
659 1079 678 1125 si
741 1083 770 1126 21
792 1079 917 1141 Respondit
935 1080 1003 1129 Jesus
1021 1089 1044 1128 et
1060 1082 1115 1128 dixit
1131 1082 1167 1138 eiu

217 1147 271 1194 haec
281 1147 341 1200 iacis,
353 1145 470 1208 patefacito
481 1144 575 1205 teipsum
587 1144 677 1190 mundo.
710 1141 789 1190 Unum
809 1159 864 1206 opus
885 1144 935 1200 ieci,
960 1153 983 1192 et
1005 1161 1082 1192 omues
1102 1147 1167 1196 mira·

248 1214 264 1257 5
277 1210 335 1256 Nam
348 1226 376 1256 ne
387 1210 465 1256 iratres
473 1209 561 1269 quidem
573 1209 620 1270 ejus
628 1223 678 1254 cre·
709 1208 770 1253 mini.

216 1274 296 1322 debant
307 1275 329 1320 in
341 1289 399 1320 eum.
742 1275 773 1316 22
783 1270 889 1318 Attnmen
902 1272 981 1318 Moses
989 1273 1047 1319 dedit
1058 1273 1118 1320 tonis
1127 1274 1169 1320 eir·

216 1365 219 1370 ,
248 1343 264 1384 6
284 1337 347 1384 Dicit
365 1353 421 1398 ergo
437 1337 469 1382 eis
484 1335 558 1390 Jesus,
578 1333 679 1396 Tempus
709 1337 867 1382 cumcisionem
878 1337 934 1398 (non
946 1334 1004 1396 qudd
1015 1353 1043 1383 ex
1057 1337 1123 1383 Mose
1136 1339 1169 1388 sit.

217 1417 290 1448 meum
303 1402 401 1447 nondum
412 1401 487 1446 adest:
506 1407 593 1460 tempus
604 1411 677 1444 nutem
709 1400 746 1445 sed
758 1401 814 1459 quia
825 1415 854 1446 ex
865 1399 973 1460 patribus)
992 1410 1014 1446 ct
1026 1403 1113 1448 sabbato
1125 1402 1168 1447 cir·

216 1475 314 1512 restrum
326 1480 414 1525 semper
423 1472 457 1510 est
467 1471 575 1525 peratum.
708 1464 832 1510 cumoiditis
843 1465 963 1510 hominem.

249 1535 263 1568 7
279 1529 335 1584 Non
344 1535 417 1590 potest
428 1528 524 1574 mundus
534 1541 575 1572 vos
586 1527 675 1572 odisse:
741 1531 772 1572 93
789 1528 813 1573 Si
830 1528 1018 1574 circumcisionem
1034 1529 1113 1589 accipit
1130 1544 1163 1574 no

217 1609 253 1639 me
268 1599 342 1639 autem
359 1592 412 1646 odit,
428 1592 533 1652 quonium
549 1606 593 1652 ego
609 1598 678 1636 testor
708 1606 745 1636 mo
757 1593 852 1646 subbato,
865 1601 944 1637 utnon
956 1592 1102 1638 solviturlex
1114 1592 1166 1638 Mo·

216 1658 288 1710 dcco,
305 1671 372 1718 opem
381 1657 430 1716 ejus
440 1655 498 1702 mels
509 1669 565 1701 esse.
589 1699 591 1702 ,
708 1655 745 1709 sis,
773 1656 826 1700 mihi
850 1653 1074 1716 indignunimi'qudd
1096 1663 1169 1702 totum

249 1720 321 1768 svos
332 1721 443 1768 ascendite
453 1720 481 1766 nd
492 1719 533 1765 hos
544 1719 590 1764 dies
598 1717 678 1764 festost
708 1719 820 1765 nominem
832 1735 910 1765 sunum
921 1718 1010 1765 fecerim
1022 1717 1130 1766 subbato?

216 1801 260 1848 ego
271 1785 370 1832 nondum
380 1784 475 1831 ascendo
486 1783 514 1830 sd
524 1782 613 1837 festum,
627 1783 675 1842 quir
741 1787 771 1828 24
785 1782 822 1828 Ne
827 1783 926 1843 judicate
937 1781 1056 1828 sccurmdm
1066 1784 1168 1845 speeiem,

217 1858 304 1912 tempus
314 1864 389 1895 meum
398 1847 497 1895 nondum
508 1847 621 1908 expletum
636 1853 676 1892 est
708 1847 747 1893 sed
754 1849 839 1908 justum
851 1847 903 1892 illud
909 1847 1018 1908 judicium
1029 1846 1091 1894 ferte.

250 1919 265 1962 9
277 1913 342 1960 Haec
358 1922 431 1960 sutem
448 1927 516 1973 quum
533 1912 565 1957 eis
581 1911 678 1965 dixisset,
740 1914 771 1957 25
783 1910 878 1956 Dicebnt
887 1926 942 1972 ergo
950 1911 1038 1970 quidam
1046 1926 1075 1958 ex
1086 1910 1169 1958 Hiero-

216 1980 298 2026 msnsit
308 1980 331 2024 in
344 1973 450 2024 Gniilued.
708 1975 852 2034 solymitunis,
864 1973 948 2020 Nonne
959 1975 994 2020 nie
1005 1982 1039 2020 est
1046 1990 1112 2036 quem
1121 1983 1169 2022 stu·
1236 2017 1239 2020 .

251 2046 281 2089 10
297 2045 314 2102 1
332 2039 365 2087 Ut
380 2041 526 2087 ascenderunt
543 2045 616 2085 nutem
632 2036 678 2084 sm·
707 2039 761 2084 dent
771 2038 899 2086 trucidare?

217 2113 261 2153 tres
271 2107 325 2168 ejus,
337 2113 390 2150 tunc
398 2111 421 2149 et
432 2104 478 2164 ipse
489 2103 587 2148 ascendit
594 2103 622 2148 nd
633 2103 677 2148 ses·
741 2107 771 2148 26
782 2101 815 2148 At
826 2119 884 2158 ecce,
901 2099 972 2164 pulim
984 2102 1086 2162 loquitur,
1100 2107 1123 2149 et
1134 2103 1170 2149 ni·

203 2177 270 2224 tum,
288 2184 332 2216 non
344 2163 466 2221 manifesti,
482 2166 522 2213 sed
532 2167 593 2212 uelut
604 2167 626 2212 in
638 2182 677 2212 oc·
707 2167 737 2212 hil
754 2167 773 2212 ei
790 2167 881 2213 dicunt:
901 2181 1007 2212 numnnm
1019 2164 1071 2212 nord
1082 2171 1170 2228 coguo-

216 2233 283 2280 culto.
708 2238 788 2276 verunt
816 2230 924 2291 primores
954 2231 1013 2276 hune
1043 2225 1093 2278 reri
1119 2247 1170 2278 esse

251 2301 277 2343 ll
291 2295 369 2346 Judnei
381 2311 436 2357 ergo
447 2295 581 2356 qunerebnnt
590 2309 642 2341 eum
654 2295 676 2340 in
709 2292 823 2342 Christum
834 2293 916 2340 illum?

216 2361 280 2416 sesto,
297 2362 436 2414 etdicebant,
457 2359 614 2407 Ubiestille?
740 2362 770 2405 27
794 2359 838 2404 Sed
860 2358 962 2404 novimus
984 2359 1043 2404 uude
1064 2359 1099 2404 inc
1120 2365 1167 2406 sn:

251 2431 280 2472 12
290 2425 321 2472 Et
330 2425 452 2471 mussitatio
461 2423 531 2470 muitu
538 2431 586 2470 erat
596 2424 619 2469 in
628 2430 675 2468 tur·
707 2437 775 2483 quum
784 2429 857 2468 nutem
867 2421 951 2468 venerit
962 2421 998 2468 il'e
1008 2420 1116 2476 Christus
1129 2439 1170 2469 ne-

215 2487 243 2536 bd
254 2491 281 2536 dc
291 2507 335 2536 eo:
354 2490 389 2536 alii
401 2484 490 2548 quiddm
507 2487 615 2541 dicebant,
633 2486 677 2532 Vir
707 2501 744 2532 mo
755 2488 885 2546 cogniturus
896 2493 930 2532 est
941 2485 999 2532 unde
1010 2486 1044 2531 sit

216 2554 286 2600 bonus
302 2562 352 2610 est;
369 2553 405 2598 ulii
421 2549 474 2597 verd
489 2551 596 2604 dicebant,
614 2550 676 2603 Nou.
740 2554 770 2596 28
780 2547 895 2598 clamabat
905 2565 960 2610 ego
971 2548 1039 2596 Jesus
1046 2549 1069 2594 in
1078 2551 1169 2611 templo,
1227 2557 1230 2562 '

216 2618 254 2663 sed
266 2619 350 2663 turbam
362 2616 453 2662 seducit.
707 2613 789 2660 docens
807 2629 832 2659 nc
851 2614 932 2667 dicens,
950 2613 983 2659 Et
1000 2629 1036 2659 me
1054 2612 1129 2668 ndstis,
1146 2622 1170 2662 et

250 2684 279 2726 13
295 2679 378 2726 Nullus
394 2687 467 2724 temen
484 2677 556 2738 pulum
572 2675 676 2736 loqueba·
707 2679 766 2724 unde
784 2678 826 2722 sim
845 2677 930 2724 mistis:
950 2685 973 2723 et
990 2692 1003 2724 ι
1020 2677 1104 2738 meipso
1122 2693 1167 2724 non

211 2751 252 2803 tur
272 2745 299 2790 de
317 2759 352 2798 eo,
371 2748 460 2804 propter
477 2749 561 2786 metum
577 2739 676 2787 Judseo·
706 2742 765 2794 veni,
788 2742 827 2786 sed
845 2748 879 2788 est
898 2755 966 2788 verax
984 2741 1021 2801 qui
1043 2741 1103 2789 misit
1124 2757 1167 2796 me¹

216 2825 271 2856 rum.
706 2820 772 2865 quem
783 2821 825 2851 vos
836 2820 881 2852 uon
893 2803 970 2850 ruistis.

251 2875 306 2932 l⁴i
322 2869 390 2916 Festo
401 2879 474 2914 nutem
488 2867 526 2914 iiio
537 2868 585 2928 Jum
602 2867 675 2914 medio
739 2873 770 2916 29
789 2868 844 2930 Ego
860 2865 914 2914 verd
931 2868 983 2914 novi
999 2883 1058 2924 eum,
1074 2869 1169 2930 quieuit

216 2937 313 2984 escendit
328 2934 395 2983 Jesus
408 2933 431 2979 in
443 2932 555 2994 templum,
572 2945 598 2978 ec
609 2932 675 2978 doce·
705 2932 754 2994 ipso
765 2947 821 2986 sum,
838 2932 908 2978 etiile
918 2947 954 2978 me
965 2932 1032 2978 misit.

213 3003 257 3050 int
738 3001 771 3042 50
788 2996 910 3043 Studebsnt
928 3012 983 3057 ergo
1002 3011 1053 3042 eum
1072 2997 1168 3058 prehen-

250 3069 278 3114 15
291 3065 323 3112 Et
331 3063 465 3110 mirabantur
473 3059 559 3114 Judaei,
571 3059 675 3114 dicentes,
706 3060 773 3107 dere:
793 3060 832 3106 sed
843 3075 909 3108 nemo
922 3059 997 3122 injecit
1012 3060 1035 3106 in
1051 3075 1102 3106 eum
1119 3075 1167 3108 ms-

216 3130 337 3184 Qnomodo
348 3128 390 3175 iste
400 3127 474 3173 literas
483 3126 550 3179 novit,
563 3139 630 3186 quum
639 3140 677 3170 ens
707 3140 767 3179 num,
784 3124 836 3185 quie
851 3124 949 3170 nondum
965 3133 1056 3170 venerut
1066 3124 1121 3171 horu
1131 3124 1169 3174 itte

217 3211 260 3240 non
272 3191 389 3240 didicerit?
707 3189 781 3250 ipsius.

251 3263 279 3306 16
295 3253 420 3318 Respondit
435 3252 468 3300 eis
483 3251 557 3307 Jews,
574 3260 597 3298 et
613 3252 675 3306 dixit,
738 3257 768 3299 31
782 3251 851 3299 Multi
861 3248 1022 3298 verdextnrut
1030 3251 1169 3300 crediderunt

220 3322 271 3370 Meu
282 3321 382 3368 doctn'ns
392 3333 437 3365 non
452 3325 486 3364 est
502 3332 558 3370 meu,
575 3315 614 3362 md
629 3331 677 3379 ejus
706 3315 729 3362 in
741 3331 798 3371 eum,
814 3323 838 3362 et
848 3316 955 3369 dicebaut,
973 3313 1083 3369 Christus,
1099 3331 1168 3376 quum

217 3388 252 3448 qui
264 3387 323 3432 misit
333 3399 377 3430 me.
707 3381 798 3433 uenerit,
811 3395 864 3425 num
874 3379 937 3441 signs
947 3379 1010 3440 pium
1018 3379 1069 3426 edet
1079 3381 1105 3426 iis
1113 3395 1171 3440 qius

251 3454 279 3496 11
292 3451 316 3496 Si
327 3449 375 3508 quis
391 3445 485 3493 voluerit
501 3444 559 3504 qnod
576 3445 612 3488 iiie
628 3447 677 3488 uult
706 3445 748 3490 iste
758 3443 845 3489 edidit?

216 3515 293 3567 terere,
310 3517 432 3573 cognoscet
442 3509 470 3556 de
481 3504 586 3559 doctrind
602 3515 676 3552 utrum
739 3511 771 3553 32
780 3507 906 3552 Audierunt
917 3504 1029 3552 Pharisaei
1041 3507 1126 3553 turbam
1138 3508 1169 3554 is.

216 3595 243 3626 ex
257 3577 308 3623 Deo
320 3577 354 3630 sit,
372 3590 400 3621 un
411 3590 455 3635 ego
466 3589 479 3620 s
489 3573 573 3633 meipso
584 3571 668 3632 loquar.
708 3586 730 3617 ,ι
740 3577 914 3618 murmurantem
929 3569 956 3616 de
972 3586 1007 3624 eo,
1023 3578 1047 3616 et
1062 3571 1170 3617 miserunt

250 3645 279 3686 18
291 3640 337 3694 Qui
349 3654 362 3686 n
373 3638 490 3699 semetipso
506 3635 609 3697 loquitur,
625 3634 676 3694 glo·
708 3634 820 3682 Pharisaei
831 3650 857 3680 ac
871 3635 968 3695 primarii
984 3634 1109 3682 secerdotes
1125 3636 1168 3684 mi·

216 3719 270 3752 mem
291 3705 402 3764 proprium
423 3701 522 3761 quaerit:
546 3699 584 3759 qui
602 3706 677 3746 autem
707 3697 788 3745 nistros
799 3705 823 3743 ut
834 3713 884 3743 eum
895 3698 1063 3759 prehenderent.

217 3767 300 3825 qruerit
310 3765 405 3828 gloriam
416 3779 473 3868 effi
474 3765 511 3824 qui
522 3763 583 3809 misit
597 3762 676 3823 ipsum.
738 3765 772 3809 dd
789 3760 855 3808 Dixit
873 3776 928 3824 ergo
946 3763 979 3808 sis
994 3759 1069 3817 Jesus,
1087 3760 1166 3812 Auni
