2744 4316
610 421 761 501 nundus
783 453 830 496 rx.

243 559 274 606 lus
290 574 347 612 euos,
365 557 420 603 vidit
436 557 521 604 turbem
538 555 630 602 multam
646 555 705 601 circs
735 569 787 600 eurn
798 553 907 616 privatim,
921 553 969 602 Cur
980 569 1021 602 nis
1033 573 1079 602 non
1089 560 1199 619 potuimus

241 637 285 674 eos,
297 629 320 668 et
330 622 411 667 scribas
422 637 473 666 curn
484 622 516 667 eis
527 619 664 666 altercantes
735 620 843 678 spiritum
855 619 916 664 illum
928 619 1026 680 ejicere?

275 689 304 733 15
321 685 354 731 Et
372 686 446 731 stetim
465 691 513 730 tutu
531 684 594 730 turbs
610 684 659 729 viso
677 699 704 729 eo
755 686 801 730 Χ29
817 685 871 742 Ipse
882 680 936 728 verd
946 683 1001 728 dixit
1013 684 1051 736 eis,
1064 683 1118 730 Hoc
1128 700 1202 746 genus

241 750 345 812 expuvit;
361 755 385 795 et
399 756 539 795 accurrentes
554 747 705 812 su'utsveruut
736 745 907 792 damnosior-um
915 745 975 792 nulls
984 763 1007 792 re
1016 755 1088 808 potest
1094 749 1156 796 exire
1167 750 1202 795 ni·

240 829 299 861 eum.
737 811 755 856 si
766 811 892 871 precatione
903 817 926 856 et
931 811 1025 872 jejunio.

275 882 304 924 16
321 875 539 938 Tuncinterrogavit
548 876 634 924 scribas.
644 875 704 929 Quid
769 878 802 920 50
818 877 835 935 ἵ
847 874 879 920 Et
889 873 949 920 illinc
960 876 1043 936 egressi
1055 872 1099 922 uod
1115 876 1158 922 iter
1168 877 1201 923 io·

241 942 375 988 altercamini
386 943 444 987 inter
454 940 515 987 vos?
737 938 823 984 ciebant
839 954 879 1000 per
899 939 1038 985 Galilaeam:
1052 953 1097 988 nec
1116 941 1201 987 volela

276 1010 305 1053 17
322 1005 355 1052 Et
364 1005 498 1066 respondens
510 1003 622 1064 quideme
633 999 703 1056 turbt,
737 1011 762 1048 ut
773 1003 889 1062 quisquam
900 1004 925 1049 id
936 1003 1009 1050 eoiret

240 1072 301 1124 drxrt,
315 1070 432 1132 Magister,
446 1067 527 1116 adduxi
543 1068 612 1114 tilium
629 1081 703 1112 meum
769 1070 799 1111 51
819 1066 922 1112 Docebat
937 1068 997 1112 enim
1013 1068 1131 1129 drserpulos
1142 1083 1199 1114 suos

240 1136 268 1182 nd
278 1141 307 1189 te,
318 1135 435 1180 habentem
447 1133 546 1194 spiritum
557 1139 661 1187 mutum;
737 1138 760 1176 et
770 1131 855 1176 dicebat
865 1132 904 1185 eis,
917 1131 987 1176 Filius
998 1132 1092 1177 hominis
1104 1133 1200 1178 trudetur

275 1203 304 1244 18
322 1199 367 1253 Qui
377 1199 500 1258 ubicunque
508 1212 559 1243 eum
567 1195 703 1256 corripuerit,
737 1193 759 1240 in
775 1209 854 1241 munus
870 1195 992 1249 homiuum,
1009 1196 1046 1255 qui
1063 1195 1201 1245 trucidabunt

240 1261 322 1312 luceret
339 1277 405 1318 eum3
431 1265 478 1321 ipse
495 1258 549 1306 verd
568 1267 661 1320 spumat,
681 1266 704 1304 et
736 1273 802 1305 eum:
822 1259 861 1305 sed
872 1260 998 1313 trucidatus,
1008 1259 1117 1306 tertiodie
1128 1276 1202 1306 resur·

240 1327 318 1373 stridet
329 1327 429 1372 dentrbus
441 1325 648 1379 suisetexarescit.
672 1321 704 1368 Et
736 1329 782 1384 get„

240 1391 285 1436 dixi
296 1390 407 1450 discipulis
418 1389 467 1441 tuis,
479 1396 504 1434 ut
520 1403 571 1433 eum
583 1387 704 1449 ejicerent3
769 1390 801 1432 52
819 1385 865 1448 ipsi
882 1384 935 1433 verb
951 1387 1083 1448 ignorabunt
1098 1389 1141 1433 hoc
1155 1387 1202 1434 dic·

240 1453 279 1500 sed
290 1469 335 1499 non
346 1459 472 1514 potuerunt.
737 1456 791 1504 tum,
803 1458 826 1497 et
838 1452 943 1497 timebant
950 1467 1002 1497 eum
1012 1452 1156 1514 interrogare.

275 1521 304 1565 19
321 1515 373 1578 Ipse
383 1513 437 1562 verb
453 1515 589 1578 respondens
605 1515 625 1561 ei
642 1515 704 1569 dixit,
769 1517 802 1560 35
818 1519 834 1577 1
847 1514 916 1561 Venit
927 1515 995 1576 igitur
1004 1512 1161 1576 capernaum:
1180 1523 1203 1563 et

241 1581 334 1628 Onatio
346 1580 463 1634 increduli,
475 1594 590 1640 quousque
598 1580 655 1640 apud
663 1593 704 1624 vos
738 1594 806 1640 quum
824 1580 921 1625 venisset
939 1579 1037 1633 domum,
1056 1580 1203 1641 interrogavit

240 1645 296 1692 ero?
313 1660 427 1706 quousque
443 1645 540 1690 tolerabo
558 1643 618 1689 vos?
634 1643 703 1688 addu·
737 1659 782 1695 eos,
796 1643 857 1698 Quid
868 1643 891 1688 in
902 1640 939 1689 vit
949 1644 1007 1689 inter
1016 1659 1055 1689 vor
1066 1643 1202 1705 disceptaba-

239 1711 283 1756 cite
293 1710 437 1756 eumrdme.
500 1706 510 1723 '
738 1707 792 1753 tisi'
1090 1711 1100 1724 '

272 1778 304 1820 20
316 1771 703 1834 Illumim'turedduxeruntsdeum
770 1775 803 1818 54
820 1769 866 1832 Ipsi
886 1768 939 1817 verd
957 1771 1079 1818 siluerunt:
1098 1787 1150 1817 nem
1165 1771 1202 1818 ulir

240 1837 273 1884 Et
283 1855 310 1885 eo
321 1845 447 1899 conspecto,
464 1837 538 1884 statim
555 1836 643 1897 spiritus
658 1836 703 1881 dis-
738 1833 844 1882 edversrls
855 1835 909 1882 ulios
917 1836 1064 1882 disseruerunt
1072 1833 1202 1897 inmbquis

239 1904 320 1964 cerpsit
330 1918 396 1950 eum:
415 1910 438 1948 et
449 1904 494 1954 ille,
511 1916 579 1961 quum
590 1900 704 1946 cecidisset
738 1909 792 1946 esset
796 1899 897 1962 futurus
908 1902 1008 1959 ipsorum
1020 1901 1137 1946 maximus.

239 1967 261 2012 in
273 1974 360 2019 terrem,
373 1967 485 2013 volutabat
496 1981 544 2011 sese
559 1979 671 2026 spumans.
769 1967 802 2012 55
820 1964 852 2010 Et
870 1979 938 2023 quum
954 1963 1096 2016 consedisset,
1113 1965 1202 2017 uocauit

273 2035 300 2076 21
315 2030 381 2076 Tunc
389 2029 609 2090 interrogavitJerur
617 2035 702 2088 patrem
737 2027 852 2074 duodecim
864 2027 919 2081 illos,
929 2035 951 2074 et
960 2029 1015 2074 dixit
1023 2028 1061 2082 eis,
1073 2028 1145 2088 Siquis
1153 2028 1202 2075 ruit

239 2094 292 2155 ejus,
306 2094 420 2146 Quantum
433 2092 537 2152 tempori
546 2099 580 2137 est
590 2091 650 2150 quod
660 2092 703 2137 hoc
736 2093 820 2154 pn'mus
831 2108 886 2147 esse,
898 2094 940 2138 erit
952 2092 1055 2139 omnium
1071 2091 1168 2146 ultirnus,
1180 2100 1202 2139 et

239 2157 317 2204 recidit
327 2156 367 2202 ei?
385 2155 437 2218 Ipse
453 2153 506 2202 verri
522 2156 558 2210 ait,
578 2155 614 2202 Ab
629 2155 702 2202 infen-
737 2158 836 2203 omnium
848 2157 954 2202 minister.

239 2227 274 2268 te:
769 2225 801 2268 56
819 2221 852 2268 Et
867 2228 981 2282 acceptum
998 2220 1113 2280 puerulum
1126 2219 1201 2266 statuit

271 2289 303 2331 22
320 2285 352 2331 Et
363 2300 486 2348 saepeeum
493 2292 541 2332 tum
550 2283 572 2330 in
581 2283 702 2346 ignemab·
736 2284 759 2331 in
776 2286 848 2331 medio
865 2300 955 2331 eorum:
975 2299 1046 2344 eoque
1057 2286 1079 2330 in
1091 2285 1154 2330 ulnus
1166 2301 1202 2330 re·

239 2350 300 2412 jecit,
312 2356 360 2396 tum
370 2350 393 2396 in
402 2365 475 2410 aquas,
487 2356 513 2396 ut
528 2350 629 2411 perderet
643 2363 702 2394 eum.
736 2357 807 2409 cepto,
819 2349 874 2395 dixit
884 2349 923 2402 eis,

239 2415 284 2462 Sed
305 2415 322 2460 si
345 2414 397 2475 quid
418 2422 488 2476 potes,
511 2429 614 2460 succurre
633 2413 702 2466 nobis,
767 2416 799 2460 57
818 2413 924 2472 Quisquis
935 2426 1003 2458 unum
1020 2427 1049 2458 ex
1065 2411 1144 2459 tebbus
1158 2428 1201 2474 pu·

239 2475 317 2525 intimi
334 2475 484 2526 misericordiis
502 2485 627 2524 commotus
649 2491 704 2538 erga
735 2477 802 2522 erulis
813 2483 924 2538 exceperit
938 2492 989 2523 meo
1005 2477 1101 2530 nomine,
1112 2491 1149 2522 me
1159 2491 1201 2523 ex-

238 2559 286 2589 nos.
735 2541 807 2602 cipit;
835 2549 858 2587 et
879 2541 1003 2600 quicunque
1025 2555 1061 2586 me
1082 2541 1202 2602 exceperit,

271 2609 303 2652 23
318 2604 386 2653 Jesus
402 2612 475 2651 autem
492 2605 547 2650 dixit
563 2605 590 2658 ei,
604 2604 627 2650 Si
639 2611 702 2664 potes
736 2621 782 2650 uon
802 2621 837 2651 me
856 2605 944 2667 excipit,
962 2605 1000 2650 scd
1017 2619 1068 2650 eum
1086 2605 1122 2665 qui
1141 2605 1202 2652 misit

238 2671 279 2716 lroc
290 2669 386 2723 credere,
398 2669 473 2714 omniu
485 2668 533 2714 lieri
549 2676 642 2730 possunt
653 2684 701 2714 cre-
735 2684 779 2715 me.

238 2733 305 2778 denti.
767 2737 799 2778 ³8
817 2732 941 2794 Respondit
963 2739 1036 2779 autern
1056 2732 1075 2778 ei
1093 2731 1201 2788 loannes,

271 2799 303 2841 24
322 2794 391 2841 Peter
408 2791 463 2841 verri
480 2794 542 2857 pueri
562 2795 636 2841 statim
655 2796 701 2841 cla·
735 2797 816 2851 dicens,
831 2797 970 2857 Praeceptor,
982 2797 1077 2842 vidimus
1090 2797 1201 2857 quendam

238 2875 307 2913 muns,
328 2875 380 2905 cum
402 2859 507 2918 lacrymis
534 2860 595 2914 dixit,
619 2858 700 2914 Credo,
734 2875 774 2922 per
785 2877 866 2908 nomen
878 2860 1200 2923 tuumejicientemdaemonie,

239 2924 349 2970 Domine:
365 2939 469 2970 succurre
477 2923 623 2970 incredulitati
631 2939 701 2969 meae.
735 2925 771 2985 qui
783 2941 828 2972 non
836 2925 934 2985 sequitur
945 2939 1000 2970 nos:
1020 2931 1042 2970 et
1049 2924 1200 2985 prohibuimus

269 2990 300 3035 25
313 2987 389 3041 Quum
399 2987 489 3034 vidisset
496 2994 570 3034 autem
578 2986 646 3035 Jesus
653 2995 701 3034 tur·
735 3005 793 3044 eum,
805 2989 913 3050 quianon
925 2989 1022 3050 sequitur
1033 3003 1081 3033 nos.

237 3053 285 3100 bam
305 3053 372 3100 simul
386 3068 506 3108 accurrere,
519 3053 643 3113 objurgavit
656 3052 701 3112 spi·
766 3057 799 3100 59
815 3052 882 3101 Jesus
893 3059 967 3098 autem
978 3053 1014 3106 ait,
1026 3051 1063 3097 Ne
1074 3051 1135 3098 illum
1146 3067 1199 3112 pro·

237 3118 302 3164 ritum
313 3117 374 3165 illum
391 3118 508 3180 impumm,
526 3117 601 3163 dicens
617 3117 644 3171 ei,
664 3118 702 3164 Tu
733 3116 820 3164 bibeter
840 3117 913 3163 nullus
929 3117 988 3163 enim
1000 3123 1034 3162 est
1044 3116 1081 3176 qui
1092 3116 1144 3162 edet
1153 3116 1197 3161 vir·

237 3182 325 3244 spiritus
336 3191 398 3228 mute
408 3190 431 3229 et
442 3182 514 3236 surde,
526 3181 618 3243 egotibi
630 3181 699 3242 impe-
734 3187 804 3228 tutem
816 3197 856 3260 per
866 3197 948 3227 nomen
960 3195 1040 3235 meum,
1052 3187 1074 3226 et
1086 3179 1156 3242 possit
1166 3181 1200 3225 ci·‘

236 3263 267 3299 ro,
279 3247 314 3292 exi
326 3247 353 3293 ub
363 3262 397 3302 eo,
408 3253 431 3292 et
447 3262 476 3292 ne
492 3243 586 3308 amplirls
602 3245 700 3306 ingredi·
734 3243 758 3292 td
768 3245 896 3306 maleloqui
908 3245 936 3290 de
946 3260 989 3290 me.

236 3315 271 3357 mr
281 3311 305 3356 in
315 3325 374 3356 eum.
766 3313 799 3355 40
815 3309 875 3356 Nem
892 3309 929 3369 qui
946 3316 991 3370 Qun
1007 3314 1042 3354 est
1057 3317 1135 3353 contra
1151 3323 1196 3353 nos

268 3378 299 3421 26
323 3375 355 3420 Et
375 3389 444 3435 quum
464 3369 579 3420 elemisset
598 3374 699 3432 spiritus,
733 3389 774 3435 pro
785 3373 848 3419 nobis
858 3379 900 3419 est.

236 3437 373 3499 multrimque
384 3438 534 3498 discerpsisset
545 3452 603 3490 eum,
615 3437 697 3482 exivitz
766 3441 794 3483 41
816 3437 923 3498 Quisquis
942 3437 1001 3482 enirn
1018 3444 1096 3497 potum
1116 3435 1199 3482 dederit

236 3509 257 3548 et
269 3503 307 3548 ille
317 3502 388 3549 fuctus
399 3509 433 3548 est
441 3501 503 3562 quasi
512 3510 627 3556 mortuum
645 3497 700 3546 aded
734 3502 796 3548 vobis
807 3501 911 3562 poculum
923 3515 991 3560 oquae
1002 3499 1025 3545 in
1040 3501 1130 3545 numine
1141 3514 1198 3548 meo.

236 3574 260 3611 ut
271 3567 333 3612 multi
345 3567 449 3619 dicerent,
463 3560 532 3614 certe
547 3571 647 3610 mortuus
658 3573 699 3611 est.
733 3567 758 3612 r'd
769 3572 808 3619 cst,
819 3561 879 3626 qudd
895 3565 942 3610 sitis
961 3562 1051 3616 Christi,
1069 3577 1133 3609 amen
1145 3563 1198 3624 ,uren

268 3634 298 3676 27
315 3629 382 3678 Jesus
392 3626 563 3693 verdprehensri
571 3631 699 3692 mauueJus,
733 3630 802 3683 vobis,
822 3643 959 3688 nequaquam
976 3627 1095 3689 perdiderit
1113 3641 1197 3672 merce·

238 3695 305 3739 erexit
315 3709 382 3749 eum;
398 3701 420 3740 et
432 3693 582 3742 r'ltesurrexit.
734 3694 784 3740 dem
797 3707 866 3739 suem.

191 3766 196 3772 '
267 3761 298 3800 28
316 3756 393 3810 Quum
415 3767 489 3804 autem
510 3767 569 3802 esset
587 3755 701 3815 ingressus
765 3759 797 3800 42
822 3754 854 3801 Et
870 3753 1117 3815 quisquisolibndiculo
1131 3753 1197 3799 fuerit

240 3819 332 3872 tornum,
352 3819 451 3879 discipuli
469 3825 518 3883 ejus
535 3816 700 3879 iuterrogirunt
732 3821 769 3866 uni
781 3834 810 3864 ex
821 3820 894 3879 purvis
905 3819 952 3864 ists
964 3819 1000 3876 qui
1012 3818 1105 3864 creduut
1116 3817 1138 3862 in
1155 3833 1196 3867 urs,

1297 631 1309 654 χ
