2734 4314
454 409 683 470 Manlianus,
706 413 825 463 XXVIII

156 543 197 575 ηπ(
204 543 249 574 ram
260 529 346 582 urbem,
358 534 381 573 et
392 532 548 590 apparuerunt
564 526 621 573 mul·
655 533 702 574 tera
716 527 753 576 illa
769 529 849 582 lilaria,
867 538 892 578 ut
908 540 1033 596 spectarent
1047 542 1108 598 sepul

128 603 133 608 ’
156 605 186 639 as
654 607 725 638 crum.

185 661 217 704 54
234 653 344 704 Centurio
361 650 424 708 veni,
441 662 467 701 et
483 653 521 714 qui
536 670 586 701 eum
598 671 624 702 eo
690 659 705 701 ‘l
722 657 761 710 lit,
773 673 831 710 eece,
843 668 914 704 terrae
922 667 996 706 motus
1005 663 1077 713 lactus
1086 673 1119 710 est

157 722 271 767 ennam
289 719 377 773 Jesum,
396 719 448 764 viso
466 725 540 764 terrae
555 727 623 774 motu,
656 719 764 781 mugnus:
779 722 872 782 angelus
878 723 937 768 enim
945 723 1046 779 Domini,
1052 741 1120 786 quum

157 799 176 830 er
193 784 219 830 iis
227 785 229 790 '
238 799 296 844 quae
311 783 373 828 facta
390 783 488 835 fueraut,
504 780 625 830 timuerunt
657 783 804 831 descendisset
815 802 828 832 e
839 786 908 841 coeio,
920 786 1018 842 accessit,
1027 805 1050 835 er
1058 801 1116 836 evot-

157 851 304 900 vebementer,
314 848 420 900 dicentes,
429 841 493 892 Vere
502 845 570 894 Filius
578 847 623 894 Dei
656 848 777 958 νιίἱᾶεικιιω
789 850 815 895 ab
827 851 890 904 ostio,
908 853 1040 914 sedelatque
1056 869 1118 915 supra

157 923 201 959 erat
212 914 262 958 iste.
655 911 662 956 i
709 945 716 958 .

188 979 219 1024 55
236 976 391 1022 Erantautem
400 974 445 1020 illic
454 973 621 1021 mulieresmul·
686 979 703 1021 5
719 973 777 1022 Erat
787 985 861 1022 autern
873 977 933 1024 visus
944 979 991 1040 qus
1003 987 1028 1026 ut
1041 982 1119 1037 tutgoe.

158 1048 191 1086 iae
201 1057 214 1086 e
224 1038 350 1101 longinquo
366 1045 498 1099 spectantes,
513 1053 570 1097 quae
585 1054 621 1085 se·
653 1046 677 1084 et
688 1039 845 1086 vestimentum
856 1041 903 1102 ejus
914 1042 987 1088 album
998 1045 1055 1091 sicut
1067 1050 1106 1094 nix

157 1112 237 1166 quittae
247 1103 336 1150 fuerant
347 1100 569 1154 JesumaGalilaeti,
579 1104 621 1150 n1i⁴
687 1106 703 1147 4
724 1101 835 1150 Custodes
857 1112 931 1151 autem
952 1108 1047 1166 perculsi
1068 1120 1117 1157 rma

157 1167 322 1223 nistrantesei5
352 1201 355 1205 .
654 1181 707 1228 prae
717 1167 786 1227 ipsius
798 1168 883 1221 timore,
895 1177 918 1215 et
928 1169 980 1216 facti
996 1178 1049 1218 sunt
1065 1173 1119 1220 simut

189 1237 221 1280 56
239 1230 302 1277 Inter
311 1245 366 1290 quas
376 1237 425 1276 erat
436 1229 512 1276 Maria
526 1229 622 1290 Magda·
655 1233 745 1278 mortui

157 1296 212 1350 lene,
225 1303 248 1342 et
259 1295 333 1341 Maria
344 1301 415 1340 mater
426 1292 504 1341 Jacobi
521 1300 544 1340 et
560 1293 622 1350 Juse,
688 1297 703 1342 5
720 1295 868 1356 Respcrdens
880 1303 953 1343 autem
964 1299 1058 1360 augelus
1067 1300 1119 1348 dixit

158 1372 180 1406 et
190 1367 261 1406 auter
270 1359 366 1404 filiorum
379 1357 495 1404 Zebedaei.
655 1359 788 1413 mulieribus,
801 1359 850 1406 Vos
861 1359 912 1407 ueri
923 1377 952 1408 ne
963 1363 1055 1420 timete;
1073 1365 1118 1412 scio

189 1428 220 1471 57
237 1428 253 1485 1
263 1423 341 1476 Quum
352 1428 427 1468 autem
439 1437 513 1467 serum
527 1422 568 1468 diei
585 1437 621 1468 es-
654 1423 713 1468 enim
725 1439 766 1469 vos
776 1422 855 1471 Iesum
866 1425 995 1473 crucifixum
1007 1443 1119 1487 quaerere.

157 1496 196 1542 set,
211 1488 273 1534 venit
289 1489 356 1532 homo
373 1485 435 1531 dives
452 1485 622 1532 Arimatbseen·
689 1491 704 1533 6
721 1485 776 1534 Non
795 1494 830 1534 est
850 1489 899 1536 hic:
918 1492 1038 1537 resurrexit
1053 1494 1119 1548 erim,

157 1552 193 1606 sis,
205 1550 426 1611 nomineJosephus,
438 1549 475 1610 qui
487 1551 567 1611 etipse
577 1551 623 1596 dis-
655 1558 722 1611 prout
732 1551 800 1598 dixit:
820 1552 901 1608 adeste,
914 1555 986 1601 ridete
996 1555 1070 1602 locum
1083 1557 1117 1603 ubi

155 1617 242 1678 eipulus
252 1615 323 1660 fuerat
334 1613 407 1662 Iesu:
451 1630 453 1636 ’
650 1616 739 1675 jacebat
750 1614 878 1673 Dominus;

188 1684 220 1726 58
237 1677 261 1724 Is
272 1679 325 1726 adiit
336 1677 442 1732 Pilatum,
454 1684 477 1724 et
493 1677 555 1739 petiit
571 1693 622 1724 cor·
688 1681 702 1726 7
721 1679 752 1725 Et
763 1677 807 1726 citri
815 1680 926 1741 profectae
934 1683 999 1728 dicite
1008 1683 1119 1746 discipulis
1191 1671 1200 1690 ⁹

156 1759 196 1804 pus
207 1741 270 1792 Iesu.
303 1741 370 1789 Tunc
383 1741 544 1803 Pilatusjussit
560 1742 621 1788 reddi
653 1743 706 1804 ejus,
718 1759 769 1788 eum
780 1746 950 1792 resurrexisses
965 1748 1070 1794 mortuis:
1090 1757 1119 1802 et,

155 1823 241 1868 eorpus.
653 1822 711 1860 ecee,
723 1808 866 1868 praeitvobis
882 1809 905 1854 in
923 1810 1059 1867 Galilaeam5
1076 1811 1119 1858 illle

187 1875 220 1919 59
236 1871 269 1918 Et
281 1867 401 1932 Iosephus,
418 1884 487 1930 quum
503 1869 623 1931 accepisset
654 1886 705 1916 eum
718 1871 830 1917 videbitis:
849 1887 907 1926 ecce,
919 1873 964 1917 dixi
976 1875 1045 1920 vobis.

154 1951 241 1996 corpus,
253 1934 347 1982 involvit
357 1934 413 1980 illud
424 1934 517 1980 sindone
528 1931 589 1996 puri.
687 1939 701 1980 8
719 1933 741 1980 Τ
741 1949 784 1980 usto
793 1950 895 1996 egressae
904 1933 948 1981 citri
956 1947 1119 1985 amonumento

186 2005 219 2048 60
235 1999 357 2060 Posuitque
378 1999 403 2044 in
419 2005 564 2044 monumento
580 2014 622 2045 suo
654 2014 705 2044 cum
718 1999 796 2044 timore
806 2006 829 2044 et
839 2000 921 2060 gaudio
937 2012 1027 2062 magno,
1044 2017 1118 2049 curre·

154 2080 213 2111 novo
223 2064 283 2125 quod
293 2063 406 2110 exciderat
417 2061 439 2107 in
451 2060 526 2123 petrsi3
542 2070 566 2108 et
581 2063 621 2110 ad-
653 2063 711 2118 bant,
724 2070 749 2110 ut
760 2065 914 2110 renunciarent
925 2065 1036 2126 discipulis
1046 2067 1101 2128 ejus.

155 2129 231 2176 voluto
242 2143 296 2174 saxo
307 2143 392 2190 magno
403 2127 432 2172 ad
443 2127 524 2172 ostium
539 2142 620 2174 monti·
686 2133 700 2176 9
720 2127 753 2174 Ut
761 2137 834 2174 autem
842 2127 1037 2190 proficiscebantur
1045 2139 1069 2176 ut
1077 2133 1118 2180 tor

153 2193 229 2246 menti,
241 2193 299 2238 abiit.
653 2192 809 2238 renunciarent
820 2193 930 2253 discipulis
941 2195 994 2256 ejus,
1012 2210 1064 2240 ecce
1077 2194 1117 2242 Je-

186 2261 214 2304 61
234 2256 290 2303 Erat
298 2262 374 2302 autem
383 2254 428 2300 illie
438 2253 512 2300 Maria
520 2253 618 2316 Magda·
651 2270 689 2301 sus
700 2256 796 2300 occurrit
807 2257 844 2309 eis,
862 2257 943 2310 dicens,
961 2259 1042 2303 Arete.
1062 2257 1116 2306 Illae

154 2319 210 2374 lene,
231 2327 255 2368 et
275 2320 345 2367 alters
366 2320 404 2366 illa
421 2319 501 2374 Maria,
519 2319 620 2366 sedentes
653 2316 864 2372 vertaeeesserunt,
876 2321 1116 2384 etprehenderuntpeu

153 2393 231 2432 contra
242 2385 375 2444 sepulenrm.
652 2384 692 2429 des
703 2383 757 2446 ejus,
769 2389 792 2428 et
803 2383 950 2429 adoraverunt
961 2397 1019 2430 eum.

185 2453 216 2496 62
239 2449 360 2509 passuro
382 2453 457 2494 autem
473 2446 515 2502 die,
532 2446 569 2507 qui
585 2453 620 2494 est
688 2450 718 2493 10
734 2445 800 2492 Tunc
811 2446 841 2492 ait
852 2447 883 2492 eis
895 2445 968 2501 Jesus,
982 2447 1019 2493 Ne
1031 2449 1113 2496 timete:

153 2511 438 2575 postparsscevemooscti
455 2517 507 2556 sunt
522 2511 619 2572 primarii
652 2511 715 2565 abite,
738 2511 865 2556 renunciate
886 2509 989 2558 iratribus
1010 2512 1071 2566 meis,
1094 2523 1116 2560 ut

152 2579 277 2624 sacerdotes
288 2585 311 2623 et
323 2574 592 2630 PharisaeiadPilatum
651 2577 730 2622 abeant
751 2575 774 2620 in
798 2575 926 2628 Galilaeam,
943 2575 986 2621 illic
1004 2591 1040 2622 me
1056 2578 1114 2624 vide·

185 2645 217 2688 65
233 2641 350 2694 Dicentes,
361 2639 469 2694 Domine,
478 2639 619 2686 meminimus
650 2639 712 2686 bunt

152 2705 242 2768 planum
263 2705 325 2751 illum
347 2705 436 2758 dixisse,
458 2718 526 2764 quum
549 2703 620 2750 adhue
687 2707 713 2748 ll
738 2707 754 2764 1
765 2703 875 2750 Euntibus
892 2713 965 2751 autem
982 2706 1041 2767 ipsis,
1058 2721 1117 2762 ecce,

153 2771 243 2823 rivaret,
255 2769 333 2814 Tertio
343 2776 395 2830 post
406 2767 441 2813 die
453 2767 580 2813 suscitabor.
650 2767 739 2828 quidam
754 2783 783 2814 ex
799 2767 897 2816 custodit
914 2779 1023 2820 venerunt
1039 2770 1061 2816 in
1079 2787 1116 2816 ur·

183 2837 215 2880 64
231 2832 290 2881 Jube
311 2848 367 2894 ergo
389 2831 476 2878 munire
494 2831 619 2892 sepulcrum
650 2832 707 2885 bem,
718 2839 741 2878 et
752 2831 908 2880 renunciirunt
919 2835 1026 2895 primatiis
1042 2850 1115 2881 sacer-

153 2913 222 2958 usque
243 2897 266 2942 in
288 2897 347 2942 diem
369 2896 474 2950 tertium3
502 2896 619 2956 nequando
650 2895 737 2943 dotibus
749 2897 824 2944 omnia
834 2913 890 2958 quae
900 2898 959 2945 facte
968 2899 1063 2944 fuerant.

153 2962 242 3007 veniant
257 2961 357 3021 discipuli
379 2961 428 3022 ejus
449 2967 521 3013 nocte,
543 2967 566 3005 et
581 2959 617 3004 iu·
685 2964 714 3006 12
731 2959 777 3022 Ipsi
789 2959 842 3007 verti
853 2962 983 3024 congregati
994 2977 1046 3008 cum
1057 2964 1116 3008 seni·

152 3032 304 3082 rentureum3
321 3025 440 3084 dicantque
454 3023 543 3084 populo,
562 3024 617 3070 Sus·
650 3025 730 3078 oribus,
752 3025 887 3084 consilioque
914 3033 985 3086 capto,
1013 3039 1116 3073 nummus

151 3091 232 3136 citatus
242 3096 277 3135 est
287 3105 300 3134 e
310 3088 419 3134 mortuis:
439 3094 461 3133 et
472 3087 513 3132 erit
528 3087 618 3133 ultimus
650 3088 732 3134 multos
743 3087 851 3132 dederunt
862 3087 972 3140 militibus,
991 3091 993 3096 '

152 3169 213 3200 crrur
223 3155 285 3216 pejor
295 3153 376 3214 priore.
685 3155 714 3196 13
731 3150 846 3203 Dicentes,
857 3149 939 3204 Dicite,
950 3149 1058 3210 Discipuli
1069 3153 1116 3214 eius

183 3221 215 3264 65
233 3217 299 3264 Dixit
309 3218 342 3263 eis
355 3215 449 3270 Pilatus,
461 3213 557 3261 Habetis
565 3230 616 3261 cus·
650 3223 716 3260 noete
737 3219 853 3268 venerunt,
875 3222 898 3259 et
919 3229 970 3260 eum
981 3213 1047 3260 furati
1065 3227 1115 3262 sunt

65 3265 67 3270 ¹
152 3282 246 3327 tudima:
265 3282 329 3336 abite,
341 3281 429 3326 munite
439 3279 497 3325 sicut
507 3280 574 3326 scitis.
651 3277 888 3325 nobisdormientibus.

183 3350 215 3392 66
232 3344 278 3408 Ipsi
289 3353 365 3393 autem
380 3343 474 3406 profecti
490 3345 619 3390 munierunt
684 3346 714 3388 14
727 3338 795 3396 Quid
803 3342 821 3388 si
829 3343 872 3388 hoe
880 3342 978 3388 nuditum
987 3341 1052 3389 fuerit
1058 3346 1113 3406 apud

152 3410 281 3471 sepulcrum,
293 3410 413 3472 obsignato
424 3408 495 3470 lapide
506 3423 556 3454 cum
566 3422 617 3453 cus·
650 3407 778 3467 praesidem.
799 3421 840 3453 nos
856 3405 1033 3468 persuadebimus
1049 3409 1075 3464 ei,
1093 3420 1113 3458 et

153 3471 215 3520 uuit
363 3487 369 3494 ·
650 3487 740 3518 securos
750 3487 792 3518 vos
807 3472 971 3531 praestabimus.

615 3534 617 3538 ’
685 3539 714 3582 15
732 3534 777 3598 Ipsi
789 3533 848 3588 veni,
861 3532 950 3596 accepti
964 3533 1063 3596 pecunia,
1080 3538 1111 3585 se.

270 3599 347 3652 OAP.
371 3597 498 3647 XXVIII.
649 3608 728 3648 serunt
744 3601 801 3646 sieut
816 3607 879 3645 erant
895 3599 985 3646 edocti:
1004 3608 1027 3648 et
1043 3602 1109 3650 dinal

208 3665 359 3715 XTREMO
367 3665 618 3724 autemsabbato,quum
649 3675 715 3725 gatus
736 3670 771 3709 est
792 3662 828 3708 ille
850 3678 923 3709 sermo
944 3665 1002 3726 apud
1017 3664 1113 3714 Iudaeos

160 3672 203 3784 E
220 3732 346 3779 lucesceret
354 3730 378 3775 in
383 3729 479 3790 primum
492 3730 552 3775 diem
564 3729 617 3774 heb-
650 3743 720 3788 nsque
731 3728 759 3774 ati
767 3727 897 3774 hodiernum
908 3727 973 3775 diem.

151 3792 617 3855 moxadesenitMadaMagdaleneetal·
685 3797 714 3838 16
731 3791 868 3854 {Undecim
878 3800 952 3839 autern
968 3793 999 3839 illi
1016 3793 1118 3855 discipuli

375 3861 407 3904 37
