2720 4312
551 398 657 448 PAULI
675 397 843 446 EPISTULA

223 507 308 560 Belial?
324 517 361 554 aut
372 523 428 567 quae
438 505 574 568 poitiufideli
586 521 636 552 cum
647 506 681 552 in·
711 503 756 552 lam
767 504 833 557 illam,
845 503 932 549 uacent
943 502 971 549 ad
982 511 1076 564 tempus,
1088 503 1175 550 ntnsstu

221 572 277 618 fideli
289 571 300 615 i
714 583 754 614 ros
765 567 870 614 affecisse.

254 640 283 681 16
301 633 333 680 Et
343 649 398 693 quoe
415 634 531 678 consensio
542 633 624 694 templo
638 633 682 678 Dci
747 637 761 678 9
779 631 846 676 Nune
857 629 950 692 gaudeo,
962 644 1007 674 non
1019 627 1078 689 quid
1088 627 1177 678 tristitii

221 713 271 744 cum
289 697 428 743 simulacris?
448 711 498 742 nam
517 713 558 742 vos
573 697 682 757 templum
713 693 784 740 allecti
803 694 895 747 fueritis,
913 694 952 739 sed
967 690 1025 753 qurid
1040 691 1128 739 tristitiis
1143 693 1177 739 nl*-

220 762 273 808 estis
285 761 329 806 Dei
342 760 450 806 viventis:
470 761 526 805 sicut
543 761 597 806 dixit
611 760 681 812 Deus,
713 759 764 804 lecti
775 759 860 804 fueritis
876 759 903 803 ad
918 757 1106 818 resipiscentiam:
1126 773 1178 805 nam

222 825 333 872 Habitabo
344 825 366 869 in
374 825 406 869 eis
414 831 436 869 et
447 823 584 869 inambulabo
591 841 598 878 ;
615 833 682 868 ctcro
714 820 801 868 tristitiis
807 821 877 868 allecti
884 821 956 866 fuistis
965 818 1084 866 secunddm
1092 819 1177 876 Deum,

220 889 307 936 illorum
320 887 391 942 Deus,
403 898 425 934 et
436 888 476 948 ipsi
492 895 557 933 erunt
575 888 627 933 milri
642 903 682 949 po·
714 895 738 931 ut
750 884 809 932 nulli
820 887 842 931 in
854 886 1039 931 redctrimentum
1051 885 1177 946 acceperitis

222 952 292 1003 culus
713 965 742 995 ex
753 950 821 995 nobis

255 1018 283 1062 l'l
301 1015 442 1076 Quapropter
452 1014 511 1060 exite
528 1029 541 1060 e
557 1014 629 1060 medio
643 1030 681 1059 eo-
748 1017 778 1058 10
795 1013 855 1058 Nam
866 1013 903 1073 qui
919 1009 1039 1058 secundtlm
1057 1011 1131 1058 Deum
1144 1021 1177 1062 est

225 1093 277 1132 tum,
295 1087 317 1125 et
334 1078 470 1139 separamini,
486 1079 536 1124 dicit
555 1077 683 1132 Dominus,
714 1076 783 1131 dolor,
795 1077 814 1123 is
830 1077 1000 1138 resipiscentiam
1016 1077 1083 1122 efficit
1097 1078 1124 1123 ad
1142 1093 1177 1125 sa·

225 1154 243 1190 tt
261 1144 371 1204 impurum
391 1157 419 1188 ne
438 1142 558 1204 attingite5
576 1150 623 1188 tum
640 1154 683 1202 ego
714 1140 789 1194 lntem,
805 1142 868 1201 cujus
884 1155 996 1200 nunquam
1012 1140 1138 1200 poeniteat,
1155 1154 1177 1188 at

224 1207 328 1267 tsciprem
340 1210 394 1251 'vost
715 1205 790 1250 mundi
802 1204 866 1250 dolor
876 1211 970 1248 mortem
981 1204 1054 1249 efficit.

256 1275 284 1315 18
303 1270 334 1315 Et
344 1286 383 1314 ero
396 1269 459 1314 vocis
474 1285 515 1329 pro
530 1276 598 1330 patre,
609 1275 633 1314 et
644 1284 684 1314 vos
749 1271 775 1312 ll
796 1267 857 1313 Eece
875 1269 941 1319 enim,
957 1266 1014 1312 istud
1030 1267 1108 1327 ipsum,
1120 1268 1178 1328 quod

223 1334 281 1378 nius
300 1334 351 1378 milri
373 1349 414 1393 pro
430 1332 479 1378 liliis
495 1348 519 1378 ac
532 1332 621 1385 tinus,
632 1333 684 1378 dicit
715 1329 836 1376 secunddm
849 1330 925 1377 Deum
937 1329 1024 1375 tristitiis
1034 1330 1105 1376 atlecti
1121 1332 1178 1378 furs-

225 1396 335 1442 Dominus
347 1397 492 1456 onrnipotens.
715 1395 750 1448 tis,
762 1402 868 1455 quantum
879 1395 901 1440 in
911 1394 972 1440 vobis
980 1393 1051 1439 effecit
1062 1395 1178 1441 studium?

715 1455 760 1503 ἰιιιό
771 1458 929 1511 defensionem,
941 1455 986 1503 imd
997 1458 1178 1518 indignationem,

377 1520 450 1568 CAP.
474 1519 532 1566 Vll.
715 1518 761 1567 inni
780 1521 888 1574 timorem,
901 1519 945 1567 imd
956 1522 1076 1568 vehemens
1092 1523 1177 1569 deside-

292 1586 333 1631 AS
354 1585 422 1646 igitur
443 1585 599 1646 promissiones
616 1601 684 1646 quum
716 1585 780 1640 rium,
792 1583 837 1631 inni
845 1586 927 1639 zelum,
939 1585 983 1630 imd
992 1585 1179 1632 vindicationem?

323 1651 448 1702 haltcamus,
466 1649 546 1703 dilecti,
564 1664 685 1710 purgemus
714 1663 755 1710 per
766 1650 841 1695 omnio
854 1656 957 1696 testatum
974 1648 1061 1702 fecistis,
1073 1665 1114 1696 vos
1130 1665 1179 1696 esse

225 1730 263 1759 nos
280 1715 307 1760 ab
325 1713 385 1759 omni
400 1712 565 1773 inquinamento
576 1713 648 1759 carnis
659 1729 684 1758 ac
714 1727 782 1774 puros
793 1713 815 1758 in
826 1714 925 1774 negotio.
1132 1739 1135 1750 ·

223 1778 316 1838 spiritus,
328 1778 356 1823 ad
366 1777 433 1822 linem
447 1777 592 1838 perducentes
603 1777 684 1822 sancu-
750 1780 779 1821 la
797 1775 881 1836 ltaque,
898 1777 938 1823 etsi
956 1776 1031 1853 scripsi
1048 1777 1116 1830 rolris
1134 1793 1179 1824 non

223 1841 346 1888 licatiuuem
357 1841 380 1886 in
391 1841 471 1887 timore
482 1839 535 1886 Dei.
714 1841 797 1899 scripsi
807 1842 866 1887 uodt'e
883 1842 930 1901 ejus
946 1855 1012 1886 causa
1026 1841 1062 1900 qui
1079 1841 1179 1902 injuriant

255 1910 269 1950 2
287 1906 388 1966 Accipite
405 1919 464 1950 noa:
484 1919 565 1950 nemim
583 1904 684 1966 injuriam
715 1903 803 1958 fecerat,
815 1919 856 1950 nec
867 1905 914 1966 ejus
925 1902 991 1950 causti
1001 1905 1038 1964 qui
1051 1903 1130 1965 injurii
1146 1905 1180 1952 as·

223 1968 321 2022 lecturus,
336 1969 446 2013 neminem
457 1968 601 2028 corrupimus,
614 1969 684 2014 nemi·
715 1967 787 2013 sectus
803 1968 891 2024 fuerat3
909 1969 947 2014 sed
964 1975 989 2013 ut
1004 1969 1062 2028 apud
1073 1984 1114 2014 vos
1130 1985 1178 2016 ma·

224 2048 274 2076 ncrn
285 2031 383 2090 quaestui
396 2032 517 2076 habuimus.
716 2031 820 2076 nilestum
833 2031 896 2078 lieret
907 2031 1002 2077 studium
1014 2031 1067 2076 illud
1079 2041 1178 2078 nostrum

254 2099 270 2140 3
288 2095 325 2140 Ad
336 2094 541 2140 condemnationem
557 2095 627 2140 uestri
644 2096 686 2141 loc
716 2109 757 2156 pro
768 2096 831 2141 vobis
842 2096 864 2141 in
875 2103 995 2156 conspectu
1008 2095 1059 2141 Dei.

223 2171 266 2203 nrm
279 2159 344 2204 dico:
364 2172 415 2204 usin
428 2153 536 2203 antedicti
547 2173 589 2203 vos
600 2159 623 2203 ln
634 2173 685 2204 cor·
752 2161 781 2203 13
799 2158 920 2221 Propterea
930 2159 1103 2204 consolationem
1116 2175 1179 2205 acce-

222 2223 285 2267 dibus
296 2221 377 2267 nostris
390 2237 445 2273 esee,
460 2222 489 2267 ad
506 2221 572 2268 simul
587 2223 684 2268 morien-
717 2221 789 2282 pimus
810 2237 840 2269 ex
860 2223 1011 2268 consolatione
1032 2223 1114 2268 vestri:
1142 2224 1179 2269 scd

222 2286 274 2330 dum
285 2294 308 2331 et
319 2285 384 2331 simul
395 2286 521 2332 vivendum.
716 2282 785 2347 longe
812 2286 931 2347 plurimum
957 2286 1028 2346 gavisi
1049 2286 1131 2332 luimus
1153 2288 1180 2333 ob

254 2353 269 2394 4
288 2350 362 2396 Multa
372 2357 404 2396 est
415 2350 467 2394 mihi
485 2347 587 2395 looueudi
598 2350 686 2396 libertas
716 2350 821 2410 podium
843 2350 897 2404 Titi,
919 2348 978 2410 qudd
999 2349 1133 2396 refocillatus
1151 2351 1180 2397 sit

222 2413 278 2473 apud
301 2429 348 2467 ros,
361 2413 440 2460 *mulla
460 2414 513 2459 milri
534 2413 637 2475 gloriatio
658 2414 686 2459 dc
716 2413 806 2474 spiritus
816 2413 1101 2475 ejusebomnibnsvobis:

222 2477 299 2531 soloin
326 2477 429 2538 impletus
447 2491 496 2527 sum
517 2476 685 2534 consolatione;
751 2480 780 2522 14
797 2477 830 2523 Et
845 2473 904 2538 quid
923 2477 993 2538 siquid
1011 2477 1070 2537 apud
1085 2492 1136 2523 eum
1152 2477 1180 2523 de

123 2553 130 2571 ²
222 2541 364 2586 vehomenter
381 2541 469 2586 exundo
488 2541 570 2601 gaudio
586 2543 608 2586 in
624 2541 684 2586 omni
716 2540 779 2586 vobis
789 2541 896 2604 gloriatus
907 2557 963 2594 sum,
975 2554 1020 2585 non
1031 2540 1063 2585 fui
1074 2540 1179 2601 pudefac-

221 2603 340 2648 aillictione
351 2601 434 2648 nostra.
715 2609 758 2658 tus,
771 2605 809 2650 sed
820 2613 845 2650 ut
856 2605 930 2650 omnia
941 2599 993 2650 verti
1008 2604 1090 2663 loquuti
1103 2619 1180 2650 sumus

253 2669 268 2711 5
281 2665 372 2711 Etenim
381 2681 448 2724 quum
456 2666 591 2712 venissemus
599 2667 621 2712 in
630 2667 682 2712 lila-
715 2668 785 2722 vobis,
797 2668 861 2714 itaet
875 2669 978 2729 gloriatio
995 2676 1077 2721 nostra,
1092 2682 1136 2727 qua
1153 2683 1179 2712 u·

221 2729 341 2782 cedouiam,
354 2729 436 2774 nullam
448 2730 522 2774 habuit
533 2730 684 2775 remissionem
715 2745 753 2776 sus
763 2747 823 2778 erum
835 2733 892 2794 apud
903 2731 987 2784 litum,
999 2747 1052 2776 vera
1067 2739 1181 2792 comperta

220 2807 272 2838 caro
292 2800 373 2845 nostra,
392 2793 430 2837 sed
445 2792 467 2837 ln
482 2792 584 2838 omnibus
602 2793 684 2840 fuimus
715 2794 759 2840 sit:

220 2855 311 2901 etllicti:
330 2855 384 2901 loris
394 2853 495 2917 ficerunt
513 2871 607 2918 pugnae,
624 2857 684 2903 intus
750 2861 779 2906 15
797 2857 829 2904 Et
848 2859 933 2905 viscera
951 2859 998 2920 ejus
1016 2855 1109 2918 amplllu
1125 2873 1179 2919 erge

220 2927 323 2966 terrores.
475 2927 477 2938 ’
715 2937 756 2968 eos
766 2920 850 2983 affecta
867 2923 918 2975 sint,
929 2923 981 2968 dum
997 2922 1142 2968 reminiscitur
1152 2937 1179 2967 o-

253 2988 268 3030 6
286 2983 374 3044 Sedqui
383 2984 510 3030 consolatur
518 2983 620 3044 ehjectos,
628 2999 683 3030 con·
715 2985 836 3032 bedientiae
862 2987 962 3032 omnium
983 2987 1088 3040 restrum,
1110 2992 1133 3031 et
1154 2991 1178 3031 ιι*

221 3047 304 3094 solatus
315 3056 349 3095 est
360 3063 408 3102 nos,
421 3063 499 3109 nenrpe
508 3047 579 3102 Deus,
587 3049 683 3094 adventu
714 3063 765 3094 cum
777 3050 856 3096 timore
872 3065 898 3096 ac
915 3061 1011 3095 tremore
1026 3049 1098 3110 ipsum
1111 3063 1168 3096 exce

220 3111 282 3158 'litis
742 3113 796 3159 ritis·

254 3175 339 3222 'iNou
352 3172 424 3222 sollum
433 3183 506 3222 antem
514 3175 610 3221 adventu
618 3175 683 3230 illius,
713 3127 778 3222 Pelo·
804 3177 898 3223 Gaudeo
919 3176 988 3238 igitur
1013 3172 1072 3238 qudd
1089 3174 1178 3238 penitet

220 3239 335 3285 sedetiam
347 3240 498 3285 consolatione
513 3253 578 3299 quam
595 3239 631 3287 ille
644 3255 681 3285 ac·
714 3239 825 3286 contum,
834 3241 861 3287 de
872 3241 941 3287 voltis.

220 3302 277 3362 cepit
303 3317 332 3348 cx
359 3303 426 3356 robis,
454 3317 521 3362 quum
547 3302 684 3350 renunciaret

220 3367 283 3414 uobis
303 3373 400 3412 vestrum
411 3365 530 3411 vehemens
545 3365 682 3420 desiderium,
863 3365 938 3415 CAl'.
957 3365 1029 3413 V111.

222 3437 318 3475 restrum
330 3430 441 3489 ejulatum,
453 3436 551 3475 vestrum
568 3443 633 3489 super
647 3445 683 3476 me
717 3429 862 3544 PORRO
874 3440 948 3476 rotam
956 3430 1049 3476 facimus
1057 3431 1178 3485 robisir*

220 3493 338 3548 ardorem,
355 3490 409 3538 oded
419 3500 443 3538 ut
453 3494 526 3554 magis
532 3493 623 3554 gavisus
633 3493 682 3540 sue·
785 3503 836 3548 tres,
844 3495 938 3555 gratiam
948 3494 1125 3556 Dcipraestitam
1140 3511 1178 3543 tte·

220 3569 268 3601 ιιιιι.
628 3601 630 3604 ,
714 3556 966 3613 clesiisMocedouum;

253 3623 268 3663 8
287 3615 347 3663 Nem
358 3619 443 3665 etiamsi
459 3615 547 3664 tristitia
562 3634 603 3664 vos
621 3619 683 3666 affeci
748 3624 763 3664 2
780 3622 871 3680 Nempe
881 3621 904 3666 in
915 3618 984 3667 multi
999 3621 1128 3682 probatione
1144 3621 1178 3668 al·

221 3696 259 3744 per
269 3680 390 3740 epistolam,
408 3697 453 3727 ιιοιι
469 3697 505 3728 me
520 3683 624 3743 poenitet,
640 3685 682 3728 eti-
716 3683 825 3738 llictionis,
843 3686 958 3731 exundans
987 3684 1092 3746 gaudium
1118 3686 1175 3747 ipso·

222 3743 274 3792 nusi
286 3743 430 3804 poenituerit:
449 3745 514 3791 rn'deo
530 3746 589 3791 euim
600 3746 682 3806 episto·
715 3761 771 3799 rum,
781 3755 803 3792 et
811 3747 942 3808 profundam
950 3764 1026 3794 eorutn
1036 3748 1131 3810 inopiam
1138 3763 1169 3796 ex
