2756 4320
587 436 838 492 Αοτ1,κκνιι.
905 423 908 448 '

259 553 290 594 22
307 547 351 595 Sed
362 547 473 601 auxilium,
488 547 548 608 quod
558 555 589 594 est
601 563 614 593 a
626 547 685 602 Deo,
750 551 767 592 5
783 545 861 594 Alteri
872 554 946 594 autem
957 549 993 594 die
1008 549 1093 596 deverti
1105 565 1183 597 sumus

229 620 309 664 nactus,
326 612 411 672 perstiti
427 613 449 656 in
466 613 524 657 buno
540 626 609 670 usque
621 612 685 666 diem,
720 612 840 658 Sidonem:
860 618 883 658 et
890 609 967 660 Julius
983 609 1108 658 humanitdr
1122 621 1180 660 trac·

228 675 345 722 testificans
355 677 399 721 ista
412 683 457 720 turn
470 676 542 735 parvis
558 682 605 720 tum
621 689 685 736 mag·
718 683 764 720 tato
778 675 854 728 Paulo,
863 677 961 736 permisit
968 677 1118 723 utadamicos
1128 693 1181 739 pro·

227 744 267 791 nis,
292 739 467 798 necquicquam
487 739 561 784 dicens
579 745 643 784 extra
661 754 687 784 ea
718 737 889 792 iectus,abillis
900 748 1019 785 curaretur.

227 801 686 863 uuaepropbetaeaoMosesfuturaprae·
751 806 767 846 4
791 800 858 848 Illinc
885 800 938 848 verd
964 804 1062 863 provecti
1084 805 1181 863 sublegi·

227 867 344 911 dixerunt:
718 879 768 911 mus
781 864 888 926 Cyprum,
900 863 959 927 qudd
974 869 1034 912 venti
1051 874 1125 914 essent
1141 869 1181 913 ad·

259 934 290 974 23
308 932 397 989 Nempe
409 927 523 977 Christum
533 929 686 990 suissepassu·
719 930 783 974 versi.

227 991 686 1053 rumasprimdmexresurreotionemor·
751 996 766 1038 5
784 993 815 1038 Et
832 993 923 1054 pelagus
939 993 998 1053 quod
1012 999 1047 1039 est
1060 991 1182 1040 secundtim

227 1064 322 1111 tuorum,
344 1058 416 1102 lucem
435 1057 618 1103 annunciatumm
637 1058 687 1102 huie
721 1053 820 1103 Ciliciam
832 1063 855 1102 et
867 1056 1019 1118 Pamphyliam
1035 1058 1124 1111 emensi,
1140 1059 1181 1102 de·

227 1121 308 1184 populo
318 1128 341 1166 et
352 1122 461 1182 gentibus.
720 1120 820 1166 venimus
832 1119 901 1180 Myra
911 1121 988 1166 urbem
1000 1119 1090 1179 Lyciae.

259 1189 291 1230 ‘24
308 1184 373 1230 Haec
384 1193 456 1230 autem
468 1185 522 1245 ipso,
541 1200 582 1244 pro
599 1185 631 1230 sui
648 1184 686 1229 de·
752 1188 767 1230 6
784 1183 817 1229 Et
833 1184 877 1230 illic
893 1191 971 1230 nactus
985 1185 1084 1229 centurio
1101 1199 1182 1230 navem

226 1246 342 1303 sensium
359 1246 439 1294 Festus
448 1245 529 1308 magnis
537 1264 592 1294 voce
600 1249 636 1300 ait,
648 1246 687 1292 In·
718 1245 894 1296 Alexandrinam
906 1248 1046 1308 navigantem
1054 1248 1077 1292 in
1086 1246 1180 1302 Italiam,

227 1312 292 1365 sanis,
311 1311 386 1364 Paule,
400 1312 482 1357 multae
495 1313 570 1357 literae
582 1320 603 1357 te
614 1313 641 1357 ad
652 1312 686 1356 in·
720 1311 824 1371 imposuit
833 1325 874 1356 nos
885 1311 908 1356 in
918 1326 974 1356 earn.

227 1375 421 1434 samamadigunt.
753 1378 766 1420 7
785 1374 905 1434 Quumque
926 1374 1001 1419 multis
1022 1373 1097 1420 diebus
1117 1371 1181 1420 tarde*

259 1442 290 1484 25
307 1437 366 1483 Tum
379 1439 422 1490 ille,
440 1437 495 1482 Non
506 1437 597 1490 insanio,
610 1438 686 1497 inquit,
720 1438 882 1498 navigaremus,
903 1439 985 1497 vixque
1006 1438 1182 1498 pervenissemus

226 1502 410 1562 praestantissime
423 1500 495 1553 Feste,
507 1501 545 1546 sed
557 1517 609 1546 vera
617 1516 642 1546 ae
652 1517 686 1546 sa-

227 1580 267 1610 nae
278 1565 358 1610 mentis
369 1565 435 1609 uerba
445 1564 543 1622 eloquor.

258 1633 289 1674 26
307 1629 353 1674 Scit
368 1629 426 1674 enirn
438 1628 480 1673 ista
490 1641 535 1681 rex,
553 1627 610 1688 apud
621 1643 685 1686 quern

178 1731 179 1734 ,
226 1692 291 1739 etiarn
303 1687 370 1738 liberd
380 1691 472 1751 loquor;
490 1707 540 1736 nam
556 1706 607 1737 eum
619 1688 687 1738 lattire

225 1757 342 1816 quicquam
353 1757 431 1801 horum
444 1771 488 1801 non
500 1755 599 1809 arbitror,
617 1771 687 1815 neque

226 1821 284 1865 enim
296 1821 318 1866 id
329 1821 351 1865 in
362 1820 445 1880 angulo
456 1825 543 1880 gestum
555 1826 596 1865 est.

258 1889 288 1931 27
307 1883 391 1938 Credis,
399 1899 438 1928 rex
446 1884 552 1944 Agrippa,
559 1883 687 1944 prophetis?

226 1949 272 1994 seio
283 1956 305 1994 te
316 1948 411 1994 credere.

258 2015 289 2056 28
306 2012 407 2071 Agrippa
413 2006 465 2055 verti
474 2011 528 2054 dixit
539 2009 617 2061 Paulo,
629 2009 686 2055 Pro-

226 2074 343 2134 pemodum
369 2074 487 2134 persuades
515 2073 567 2117 mibi
590 2081 614 2119 ut
635 2073 686 2119 iiam

228 2136 372 2184 Christianus.

258 2203 288 2247 29
306 2199 470 2246 Paulusautem
482 2199 543 2253 dixit,
561 2197 686 2260 Optdrima

228 2263 285 2318 Deo,
297 2271 322 2309 ut
332 2275 354 2309 et
363 2263 521 2324 propemodum
530 2270 552 2309 et
561 2265 685 2317 admodum,

225 2343 271 2374 non
292 2336 315 2373 tu
333 2324 406 2380 modd,
425 2328 463 2372 sed
479 2342 557 2373 omnes
572 2327 638 2374 etiam
649 2329 686 2387 qui

225 2407 261 2438 me
274 2393 365 2438 audiunt
380 2391 451 2444 bodie,
467 2390 519 2436 sacti
536 2393 613 2437 essetis
629 2392 687 2438 tales

226 2456 294 2514 qualis
305 2471 349 2516 ego
360 2471 415 2508 sum,
422 2455 519 2515 exceptis
530 2455 578 2500 istis
586 2456 686 2501 vinculis.

256 2524 289 2565 30
305 2519 337 2564 Et
344 2534 411 2578 quum
420 2519 473 2564 haec
482 2519 579 2570 dixisset,
592 2520 686 2565 surrexit

226 2598 270 2634 rex,
289 2597 314 2628 ac
331 2597 432 2642 praeses·
445 2588 468 2626 et
487 2581 589 2636 Berniee,
609 2583 685 2644 etqui

225 2645 368 2690 consederant
379 2659 429 2688 oum
440 2645 479 2696 eis,

256 2713 284 2752 51
300 2708 332 2753 Et
337 2723 405 2766 quum
413 2707 559 2760 secessissent,
566 2708 684 2767 loqueban-

225 2777 260 2816 tur
271 2771 306 2816 alii
318 2771 344 2816 ad
353 2771 414 2822 alios,
426 2770 529 2822 dieentes,
543 2770 606 2816 Nihil
614 2780 686 2818 morte

225 2841 261 2880 aut
272 2834 365 2880 vinculis
376 2833 468 2894 dignum
479 2833 531 2878 facit
542 2835 609 2880 homo
620 2836 668 2882 iste.

255 2903 287 2943 52
304 2898 405 2958 Agrippa
421 2894 475 2942 verd
487 2896 555 2942 Festo
566 2899 627 2952 dixit,
641 2899 685 2944 Di·

224 2963 280 3008 mitti
291 2970 377 3024 poterat
388 2963 454 3008 homo
465 2961 512 3015 iste,
525 2962 566 3006 nisi
577 2961 684 3024 appellala-

225 3035 258 3072 set
271 3025 398 3074 Caesarem.

352 3152 426 3202 CAP.
449 3153 560 3200 XXVII.

289 3217 398 3265 Tautem
417 3219 529 3263 decretum
546 3218 588 3263 suit
604 3224 629 3263 ut
643 3233 684 3264 nos

319 3283 487 3342 enavigaremus
498 3282 520 3325 in
534 3279 626 3334 Italiam,
639 3288 684 3327 tra-

224 3344 324 3390 tidemnt
342 3353 389 3391 tum
402 3343 496 3389 Paulum
514 3352 560 3389 tum
578 3345 684 3403 quosdam

224 3408 277 3454 ulios
291 3409 378 3455 vinctos
393 3408 524 3461 centurioni,
541 3409 630 3453 nomine
641 3408 683 3456 Ju-

224 3472 258 3524 iio,
270 3473 366 3518 cohortis
378 3472 501 3531 Augustae.

255 3539 269 3578 Ξ
288 3534 417 3581 Conseense
429 3535 496 3595 igitur
507 3535 597 3594 navigio
610 3535 683 3580 Adra·

224 3609 328 3656 emiseno,
341 3599 464 3660 navigaturi
482 3596 601 3644 secundtim
616 3598 683 3644 Asiae

224 3661 324 3718 regisnes
335 3663 432 3719 provecti
444 3677 526 3713 sumus.
536 3670 558 3706 et
569 3663 683 3711 nobiseum

223 3730 268 3768 erat
277 3722 421 3790 ¹Aristarchus
433 3725 527 3771 Macedo
541 3724 682 3772 Thessaloni·

223 3795 301 3829 ΜΗ.

444 3847 488 3904 rsa

720 1499 840 1547 secuuddm
859 1499 962 1554 Cnidum,
981 1516 1025 1547 non
1042 1502 1181 1560 permittente

720 1565 782 1609 nobis
793 1572 868 1619 vento,
885 1565 1020 1625 sublegimus
1039 1563 1128 1611 Cretam
1145 1580 1181 1610 se-

720 1628 816 1672 cundum
830 1629 972 1674 Salmonem:

751 1695 766 1735 8
779 1691 810 1736 Et
819 1691 876 1738 illum
885 1693 923 1736 vix
931 1690 1121 1752 praeterlegentes,
1129 1707 1181 1752 per·

720 1755 820 1800 venimus
830 1756 853 1800 in
864 1757 936 1800 locum
948 1756 1056 1814 quendam
1067 1771 1132 1814 quem
1139 1771 1181 1801 vo·

719 1825 770 1864 eant
783 1813 896 1864 Pulchros'
905 1817 993 1871 Portus,
1010 1819 1045 1864 cui
1060 1834 1182 1879 propinqua

719 1890 765 1927 erat
777 1883 853 1928 civitas
863 1882 954 1928 Lasaes.

752 1951 767 1993 9
784 1946 860 1992 Multo
876 1956 950 1991 autem
969 1952 1068 2006 tempore
1085 1953 1180 2006 peraeto,

718 2016 740 2054 et
751 2025 818 2068 quum
826 2011 874 2071 J'am
885 2018 943 2055 esset
956 2010 1078 2070 periculosa
1088 2010 1181 2070 naviga-

719 2073 756 2126 tio,
766 2070 879 2134 qudeam
890 2073 955 2119 etiam
961 2073 1071 2134 jejunium
1082 2081 1180 2134 praeter-

718 2136 784 2189 iisset,
796 2137 927 2182 admonebat
937 2152 973 2182 eos
986 2136 1074 2188 Paulus,

752 2202 783 2245 to
800 2199 885 2245 Dicens
904 2201 941 2253 eis,
965 2199 1021 2253 Viri,
1044 2201 1108 2244 video
1129 2215 1181 2244 cum

718 2261 798 2324 injurii
811 2263 927 2322 multoque
942 2263 1028 2315 damno,
1046 2278 1091 2308 non
1109 2260 1180 2308 soidm

719 2328 792 2372 oneris
810 2334 833 2372 et
854 2328 923 2380 navis,
943 2327 981 2372 sed
1000 2327 1065 2372 etiam
1084 2327 1179 2386 capitum

718 2397 852 2441 nostrorum,
864 2391 959 2454 suturam
972 2390 1142 2450 navigationem.

754 2457 779 2498 11
800 2451 908 2500 Centurio
919 2461 991 2498 autem
1006 2453 1146 2513 gubernatori
1158 2461 1181 2499 et

718 2517 821 2563 nauclero
840 2515 912 2578 potitis
931 2518 1094 2570 assentiebatur,
1114 2513 1180 2576 quiam

719 2581 744 2626 iis
756 2597 811 2640 quae
822 2597 835 2627 a
848 2581 917 2626 Paulo
929 2581 1061 2627 dicebantur.

753 2649 781 2690 12
799 2644 831 2690 Et
841 2661 908 2705 quum
919 2645 1031 2706 appositus
1042 2650 1118 2704 portus
1135 2658 1180 2689 non

718 2717 776 2754 esset
787 2709 815 2754 ad
825 2709 997 2768 hybernandum,
1014 2707 1111 2768 plerique
1127 2723 1180 2752 coe·

718 2779 798 2831 perunt
816 2773 930 2818 eonsilium
950 2771 1049 2817 solvendi
1067 2771 1132 2816 etiam
1152 2771 1180 2816 il·

717 2835 768 2889 line,
790 2837 905 2894 sumtum*
925 2835 988 2895 siquo
1004 2835 1071 2880 ttrodo
1089 2841 1180 2894 possent

719 2897 832 2945 Phoenica
841 2901 961 2960 pervenire,
977 2905 1000 2944 et
1015 2899 1059 2944 iilic
1069 2899 1179 2958 hyberna-

717 2977 757 3018 re;
775 2963 811 3022 qui
830 2970 907 3023 portus
926 2968 960 3008 est
973 2960 1060 3015 Cretae,
1080 2968 1180 3022 spectans

717 3026 858 3071 adAfricum
869 3033 892 3072 et
904 3024 997 3072 Corum.
1140 3041 1142 3048 ’
1186 3077 1189 3084 1

751 3093 781 3134 15
798 3089 874 3142 Quum
885 3097 959 3135 autern
970 3085 1087 3149 aspirisset
1096 3087 1179 3142 Notus,

717 3153 758 3198 visi
766 3153 806 3198 sibi
813 3153 918 3214 propositi
927 3159 1047 3212 compotes,
1056 3157 1124 3212 quum
1134 3151 1180 3196 sol·

716 3218 806 3270 visseut,
818 3213 908 3277 propids
922 3216 1110 3277 praeterlegebant
1123 3213 1180 3262 Cre·

716 3287 769 3326 tam.

750 3347 780 3388 14
797 3339 882 3388 Verdm
893 3343 951 3390 haud
962 3339 1032 3388 multd
1043 3338 1093 3402 pdst
1108 3345 1179 3402 tmpe-

716 3407 750 3468 git
759 3408 782 3452 in
793 3421 842 3452 eum
850 3415 930 3452 ventus
939 3407 1082 3458 turbulentus,
1091 3407 1129 3465 qui
1138 3421 1179 3451 vo·

716 3478 778 3516 estur
790 3471 941 3529 Euroolydon.

750 3538 779 3580 15
797 3534 917 3593 Quumque
932 3535 1045 3593 abreptum
1064 3539 1121 3578 esset
1138 3547 1178 3576 na-

716 3598 807 3658 uigium,
819 3612 860 3642 neo
876 3605 951 3657 posset
962 3596 1030 3642 obniti
1042 3603 1116 3649 vento,
1130 3595 1178 3642 data

715 3662 916 3721 navigioflatt'bus,
927 3661 1056 3706 ferebamur.

750 3729 779 3770 16
796 3724 828 3768 Et
842 3739 910 3783 quum
928 3723 985 3769 infra
1000 3737 1089 3783 parvam
1107 3733 1179 3781 qivan-

716 3787 765 3834 dam
784 3787 885 3839 insulam,
901 3803 957 3846 quae
978 3785 1062 3834 Claude
1079 3791 1178 3838 vocatur,
1231 3823 1234 3828 .
