2756 4320
550 417 724 495 'Jonnnnn
747 423 778 472 n

214 527 245 569 58
263 527 296 570 At
307 525 345 570 iile
354 527 392 581 nit,
401 525 484 581 Credo,
494 525 599 575 Domine.
617 527 650 574 Et
680 534 715 574 est
725 536 806 589 postor,
822 530 884 578 eu'ns
900 545 946 578 non
959 541 1011 580 suni
1025 549 1079 581 ores
1089 550 1138 596 pro·

187 589 282 637 tdorsvit
293 585 363 636 eum.'
680 591 747 652 prise,
758 593 836 639 videns
855 609 921 656 upum
932 597 1064 652 venientem.
1074 599 1140 645 relio-

216 656 248 700 39
265 652 298 698 Et
305 651 446 706 dixitJesus,
456 653 493 700 Ad
502 655 649 715 judiciumer·
680 656 728 714 quit
739 672 798 710 ores,
815 664 839 704 et
852 658 927 720 sugite
944 660 1009 721 lupus
1019 670 1093 708 nutem
1104 677 1141 708 eu

186 719 306 765 mendum
313 733 358 778 ego
367 719 391 762 in
398 718 458 764 inune
466 719 572 765 mundum
580 720 646 765 veni:
681 719 743 779 repit,
754 727 777 766 st
788 721 894 782 dispergit
904 723 963 769 ovile
973 740 979 770 ε

188 781 256 840 utqui
268 796 314 826 non
324 782 407 834 vident,
417 782 521 838 videnut3
538 784 649 842 etquisi·
715 786 745 828 13
761 781 914 832 Meroennrius
925 794 998 833 sutem
1014 786 1079 848 fugit.
1090 805 1140 849 qur«

187 845 243 896 dent,
254 845 315 890 cneci
326 844 388 890 tiont.
631 877 635 886 ·
679 847 828 894 mercenarius
840 856 880 904 esi,
892 858 914 896 et
931 865 976 897 non
992 860 1026 897 eet
1041 851 1072 898 iili
1088 868 1140 899 curs

217 912 250 953 40
266 909 395 954 Audierunt
405 915 480 954 nutem
491 910 545 956 hoen
561 911 648 970 quidam
681 909 763 955 ovium.

187 986 212 1020 tx
237 970 362 1018 Pharisaeis
384 973 420 1032 qui
442 987 494 1018 eum
515 973 563 1034 ipso
579 982 648 1028 erant,
715 973 874 1035 longorum
891 983 966 1036 postor
976 977 1012 1023 ille
1028 978 1107 1033 bontrs,
1118 989 1140 1025 et

187 1042 209 1082 ei
228 1035 333 1082 dixerunt
354 1035 381 1089 ei,
404 1034 468 1082 Nun:
489 1043 512 1083 et
531 1051 573 1084 nos
590 1039 649 1085 cneci
680 1050 779 1097 ugnosco
789 1051 857 1091 mess,
868 1045 892 1084 et
901 1054 1012 1100 agnoscor
1022 1055 1035 1087 s
1045 1043 1107 1088 iniis.

189 1098 281 1146 simu?
715 1101 745 1146 15
762 1099 834 1148 Prnut
849 1103 912 1148 norit
928 1117 965 1148 nse
979 1101 1052 1157 Peter,
1069 1105 1103 1150 ito
1118 1112 1140 1153 et

218 1165 247 1208 41
268 1159 455 1216 DixiteisJesus,
466 1163 489 1209 Si
499 1163 649 1219 oeeeieoseth,
681 1177 726 1223 ego
737 1163 790 1209 nori
806 1161 896 1210 Putrem
905 1181 914 1222 ς
929 1172 953 1212 et
963 1167 1059 1213 animem
1070 1183 1140 1214 mesor

188 1240 232 1273 nor.
248 1226 356 1272 habereris
371 1235 503 1286 peecatum
521 1243 581 1274 nuno
596 1226 651 1274 verri
682 1227 770 1288 depono
779 1242 821 1288 pro
831 1228 915 1276 oribus.

187 1289 264 1342 ricius,
287 1288 411 1337 Videmusr
440 1291 514 1351 itaque
534 1299 649 1352 pernotum
715 1291 824 1338 rodun
842 1292 908 1338 etiam
924 1307 979 1339 oves
993 1293 1070 1348 hsbeo,
1086 1309 1141 1354 quse

189 1363 286 1400 restrum
297 1357 379 1400 mansi.
681 1368 727 1400 non
738 1362 790 1400 runt
799 1369 829 1401 ex
845 1353 885 1402 iric
901 1355 977 1402 mulir
996 1357 1044 1404 illas
1054 1373 1141 1419 quoquo

353 1477 428 1528 CAP.
451 1480 483 1527 X.
642 1531 645 1536 ,
681 1419 969 1545 ἓᾞτιιῒὴηὲῗὼὲῗῑὲἰὲ
979 1435 1141 1547 uppsrugppp'ep‘

255 1543 339 1598 ΜΕΝ,
347 1560 419 1597 arnon.
426 1545 552 1597 dicovobis,
559 1545 595 1605 qui
604 1561 649 1591 nnn
682 1559 739 1593 unus
750 1553 831 1606 postor.

265 1609 387 1670 ingreditur
394 1623 433 1668 per
441 1609 523 1654 ostium
532 1609 554 1654 in
563 1609 648 1656 cnulsm
715 1611 743 1655 17
771 1608 893 1671 Propterea
915 1610 983 1658 Peter
1004 1627 1041 1658 me
1061 1612 1140 1674 diligit,

188 1671 270 1724 ovium,
282 1672 321 1717 sed
336 1672 435 1718 ascendit
450 1672 544 1728 aliunde,
560 1672 597 1720 uie
612 1673 649 1719 fur
680 1671 731 1731 quin
751 1688 794 1734 ego
813 1673 900 1735 depono
915 1677 1011 1720 enimam
1028 1691 1099 1722 metm
1117 1684 1142 1722 ut

186 1744 221 1782 est
231 1743 253 1781 et
264 1735 327 1780 intro.
680 1749 728 1780 earn
740 1751 815 1783 rursus
825 1752 942 1784 assumam.

220 1803 235 1844 2
252 1798 298 1852 Qui
310 1795 362 1844 verd
372 1799 496 1861 ingreditur
506 1815 545 1861 per
561 1799 648 1855 ostium,
714 1802 743 1844 18
760 1799 835 1846 Nemo
846 1801 903 1846 tollit
913 1816 961 1846 euro
973 1815 986 1847 s
996 1816 1039 1856 me,
1050 1801 1140 1862 sedego'

187 1870 263 1924 postor
272 1870 306 1909 est
317 1864 399 1909 ovium.
680 1860 768 1923 depono
777 1877 826 1908 enm
837 1879 876 1924 per
886 1878 923 1908 me
937 1864 1008 1924 ipsum
1018 1881 1025 1909 s
1043 1873 1141 1926 poteste-

219 1930 235 1972 ὅ
252 1926 315 1974 Huic
325 1927 394 1988 sperit
405 1927 495 1990 janitor,
507 1935 531 1974 et
541 1943 595 1974 oves
606 1943 648 1974 vo·
680 1932 725 1971 tem
737 1926 806 1972 haben
816 1925 939 1988 deponendi
950 1942 1006 1982 enm,
1014 1934 1141 1988 etpotestn·

187 2006 236 2036 oern
247 1991 295 2052 ejus
305 1991 412 2037 audiunt:
431 1998 649 2037 etsuunvesvocnt
680 1996 725 2034 tem
747 1989 816 2036 huben
837 2005 913 2037 rursus
933 2005 982 2038 esm
1008 1992 1141 2040 assumendis

188 2054 325 2108 nominatim,
337 2055 497 2101 etnducitess.
681 2051 735 2098 Hoc
746 2053 873 2100 mandatum
885 2055 958 2116 occepi
969 2070 983 2102 o
995 2053 1062 2102 Patre
1071 2071 1129 2104 meo.

220 2121 237 2163 4
262 2118 382 2179 Quumque
403 2133 454 2164 suos
475 2133 529 2164 oves
545 2118 648 2173 emiserit,
714 2120 743 2164 19
760 2116 883 2165 Dissidium
895 2118 963 2180 igitur
972 2135 1058 2166 rursum
1067 2127 1140 2166 ortum
1229 2154 1234 2162 .

188 2182 338 2243 nntegreditur
356 2197 409 2229 ensz
435 2190 458 2228 et
473 2197 528 2228 oves
544 2197 595 2228 eum
612 2198 648 2228 ss·
679 2187 713 2226 est
730 2181 788 2228 inter
802 2181 901 2230 Judneos
917 2191 1006 2244 propter
1021 2185 1077 2231 istos
1093 2199 1139 2232 ter-

187 2253 290 2306 quuntur,
302 2246 353 2306 quin
363 2245 445 2292 ndrunt
456 2261 534 2292 vocem
545 2246 599 2307 ejus.
680 2259 764 2290 mones.

219 2313 235 2357 5
251 2309 357 2356 Alienum
373 2319 447 2355 nutem
464 2324 600 2370 nequequam
612 2325 647 2355 se·
712 2312 744 2353 20
761 2307 871 2354 Dicebant
887 2316 960 2354 nutem
976 2309 1040 2356 multi
1056 2325 1140 2364 eorum,

187 2379 288 2432 quentur,
300 2373 338 2419 sed
349 2373 470 2433 fugientab
480 2389 507 2419 eo
516 2389 525 2430 ς
541 2374 592 2434 quin
603 2389 648 2420 non
681 2370 830 2417 Daemonium
848 2372 918 2425 hebet,
936 2380 959 2418 et
974 2373 1070 2420 insanit:
1089 2375 1140 2434 quid

188 2435 268 2482 udrunt
279 2451 357 2482 socenr
369 2437 496 2483 alienorum.
679 2450 730 2481 eum
741 2434 840 2480 auditis?

220 2505 236 2547 6
262 2499 331 2546 Hono
353 2501 517 2547 similitudinem
539 2500 594 2546 dixit
615 2502 647 2546 eis
711 2501 739 2544 21
759 2498 805 2544 Alii
816 2498 922 2554 dicebant,
934 2497 1000 2545 Esse
1011 2499 1078 2546 verbs
1093 2514 1138 2546 uon

186 2559 261 2612 Jesus.
295 2561 331 2610 Ilii
353 2562 406 2610 γετὸ
428 2579 473 2611 non
493 2575 648 2624 cognoverunt
679 2570 731 2608 sunt
750 2562 901 2610 doemoniacis
925 2578 978 2609 uum
999 2563 1139 2612 daemonium

189 2643 295 2687 quuenam
311 2627 348 2674 itu
363 2636 438 2674 essent
448 2643 504 2688 quse
519 2627 648 2688 loquebatur
679 2634 752 2688 potest
763 2641 877 2672 coecorum
889 2627 965 2674 oculos
976 2628 1077 2690 aperire?

187 2692 226 2738 eis.
712 2695 743 2735 ‘22
766 2694 782 2751 1
793 2690 861 2738 Facto
879 2700 931 2738 sunt
946 2701 1021 2739 autern
1037 2692 1141 2742 encoenia

220 2757 234 2802 7
251 2751 346 2814 Πεευε
361 2771 417 2816 ergo
436 2770 523 2801 rursum
541 2754 596 2800 dixit
608 2755 647 2810 eis,
680 2751 850 2818 Hierosolymis,
862 2764 885 2801 et
895 2756 965 2803 hiems
975 2764 1029 2804 erat.

190 2818 269 2870 Amen,
281 2834 353 2870 emen,
362 2819 411 2864 dico
423 2819 491 2873 vobis,
499 2834 543 2880 ego
552 2834 600 2865 suni
609 2835 646 2865 os·
711 2821 742 2864 25
759 2818 791 2864 Et
801 2820 923 2866 ambulabat
934 2819 1001 2868 Jesus
1017 2822 1041 2868 in
1057 2822 1139 2884 templo

188 2883 242 2928 tium
253 2881 307 2928 iiiud
317 2883 400 2930 orium.
678 2881 701 2927 in
713 2883 798 2943 porticu
810 2883 942 2930 Solomonis.

219 2949 235 2991 8
258 2945 376 3005 Quotquot
399 2953 451 2992 ente
471 2960 508 2992 me
531 2954 647 3000 venerunt,
711 2950 741 2990 24
762 2945 887 2994 Cinxerunt
903 2948 970 3008 igitur
985 2963 1036 2993 eum
1052 2945 1139 3003 Judaoi.

188 3008 459 3058 sumsuntetlstronesr
478 3009 518 3056 sed
533 3025 587 3057 ores
602 3027 647 3057 non
677 3017 700 3055 et
722 3010 824 3055 dixerunt
844 3010 871 3062 ei.
895 3009 1018 3069 Quousque
1043 3012 1138 3057 enimnrn

187 3070 337 3119 auscuitdrunt
347 3089 393 3120 eos.
679 3081 777 3118 nostram
788 3072 921 3132 suspendis?
938 3073 962 3118 Si
971 3081 995 3118 tu
1004 3087 1028 3118 es
1036 3069 1139 3120 Christus

219 3141 235 3185 9
250 3135 305 3198 Ego
316 3152 364 3183 sum
381 3137 434 3182 iliud
447 3137 542 3183 ostium:
562 3153 601 3198 per
611 3153 648 3184 me
678 3136 721 3189 ille,
733 3136 768 3181 dic
780 3135 841 3181 nobis
851 3131 932 3195 aperte

188 3201 255 3260 siquis
265 3201 380 3254 introierit,
389 3201 527 3256 serrandum
538 3207 561 3247 et
571 3202 647 3262 ingre-
711 3203 741 3246 25
758 3198 882 3259 Respondit
892 3198 924 3244 eis
934 3196 1008 3252 Jesus,
1026 3197 1081 3244 Dixi
1098 3215 1138 3246 ro·

188 3264 265 3320 dictur,
277 3277 299 3310 et
309 3265 440 3326 egredietur.
452 3272 474 3310 et
483 3280 571 3327 pascus
584 3265 646 3312 inve-
678 3264 717 3317 bis,
729 3278 770 3309 nec
781 3262 883 3308 creditis:
903 3277 970 3323 opera
980 3277 1036 3322 quan
1046 3278 1089 3324 ego
1105 3261 1138 3311 is·

188 3328 240 3375 niet.
677 3329 712 3373 cio
724 3327 746 3372 in
763 3326 851 3372 nomine
869 3323 942 3374 Putris
957 3325 1008 3380 mei,
1024 3326 1078 3372 haee
1094 3334 1138 3374 tes·

222 3395 252 3438 10
269 3389 316 3438 Fur
326 3405 371 3437 non
389 3392 449 3437 venit
464 3392 505 3438 nisi
522 3400 546 3437 ut
557 3391 647 3444 iuretur,
678 3398 752 3437 tantur
763 3391 790 3436 de
801 3405 843 3436 me.

189 3462 210 3502 et
221 3463 301 3500 mactet
317 3471 342 3500 nc
358 3456 435 3516 perdat
451 3471 519 3502 oves:
537 3471 581 3515 ego
598 3456 647 3502 veni
712 3459 742 3500 26
760 3453 804 3500 Sed
815 3470 855 3499 vos
867 3469 912 3499 non
923 3453 1017 3506 creditis,
1027 3457 1138 3502 nonenim

191 3527 213 3564 nt
226 3518 290 3564 ritem
302 3519 401 3572 habeant,
413 3527 435 3564 et
446 3519 563 3566 abundent
678 3519 731 3565 estis
747 3533 776 3564 ex
792 3519 870 3564 ovibus
886 3518 927 3563 iliis
944 3517 1005 3571 meis,
1022 3518 1077 3564 sicut
1094 3519 1138 3566 dixi

225 3585 249 3627 11
269 3581 322 3644 Ego
341 3597 390 3628 sum
409 3593 481 3644 postor
503 3583 539 3628 ille
557 3583 644 3628 bonus:
678 3582 747 3627 vobis.

193 3659 259 3692 nouus
275 3653 350 3707 pnstor
366 3646 462 3694 animem
477 3661 540 3692 sunm
559 3645 649 3706 deponit
711 3649 741 3692 27
758 3642 820 3690 Oves
830 3643 880 3689 iilos
896 3659 958 3690 meae
974 3660 1052 3694 voeun
1069 3665 1137 3699 mesre

193 3722 229 3762 pro
239 3710 322 3756 nviinrs.
678 3709 776 3760 rudiunt,
793 3714 816 3752 et
831 3721 875 3769 ego
891 3723 928 3754 eos
944 3723 1047 3773 ignosco,
1066 3723 1088 3760 a
1104 3731 1133 3764 ῃ

224 3774 252 3819 12
268 3771 422 3821 Mercennrius
432 3779 513 3826 eutem,
522 3777 545 3818 et
555 3771 592 3831 qui
603 3786 648 3817 non
678 3779 775 3831 quuntur
786 3785 828 3816 me.
965 3825 979 3870 ⁶
