2756 4320
552 418 716 471 JOANNES.
738 418 801 468 xn.

229 531 256 576 o'l
278 525 332 574 flor
342 535 416 574 autem
431 541 461 572 es
476 525 595 588 semetipso
611 539 657 571 aon
691 524 749 570 diem
770 523 914 572 funerationis
933 539 996 572 meae
1012 529 1110 574 servavit
1126 528 1147 574 is

202 592 269 648 tisim
285 591 325 638 sed
335 604 403 650 quum
412 597 471 636 esset
478 590 579 652 pontifex
587 589 659 636 maxi·
692 589 738 635 tud.

200 670 248 702 mus
269 655 320 704 anni
335 654 402 709 illius,
418 654 556 715 prophetavit
571 653 619 700 fore
636 660 661 700 ut
725 656 740 697 8
758 650 870 713 Pauperes
881 653 939 698 enim
952 668 1038 715 semper
1052 654 1157 701 babebitis

200 717 265 771 lesus
276 734 317 780 pro
327 726 395 778 geute
406 725 542 764 morereturr
693 716 815 770 vobiscum,
826 731 863 762 me
874 713 927 763 rerd
939 731 983 763 non
995 733 1082 780 semper
1091 709 1159 765 h'abe-

221 785 263 848 x52
279 781 329 828 Nee
341 778 426 827 tantdm
437 796 478 843 pro
489 779 515 826 eri
531 787 605 842 gente.
623 778 661 826 sed
693 779 752 827 bitis.

200 854 223 892 ut
234 847 300 892 etiarn
312 844 369 892 lilios
381 844 428 891 Dei
444 845 554 906 dispersos
570 851 663 906 cogeret
727 849 742 891 9
757 845 775 903 Ἱ
787 839 903 904 cognovit
913 859 968 905 ergo
979 845 1042 890 turba
1052 844 1122 892 mults
1130 859 1158 891 ex

201 911 222 956 in
236 925 312 955 unum.
568 943 571 961 2
694 905 785 956 Judaeis
796 921 847 952 eum
858 907 903 957 illie
918 923 983 954 esser
1003 915 1026 954 et
1041 918 1159 962 venerunt,

233 977 264 1020 5³
281 974 319 1019 Ab
335 973 372 1019 illo
388 987 444 1033 ergo
460 971 494 1018 die
510 969 663 1018 consultabant
695 985 740 1018 non
751 977 841 1032 propter
851 970 930 1018 Jesum
942 968 1034 1026 tantbm,
1046 973 1159 1018 sedetiam

201 1035 245 1088 und
256 1043 280 1082 ut
291 1037 425 1082 trucidarent
434 1049 494 1082 eum.
695 1044 721 1081 ut
732 1032 845 1080 Lazarum
857 1035 963 1089 riderent,
975 1051 1040 1096 quern
1052 1033 1159 1084 excitirat

233 1105 265 1148 54
280 1098 348 1149 Jesua
358 1115 413 1161 ergo
424 1100 495 1161 palam
509 1094 602 1159 amplirls
618 1111 663 1144 non
696 1098 820 1144 amortuis.

205 1165 328 1212 versabatur
335 1164 392 1210 inter
399 1162 511 1211 Judaeoss
531 1163 569 1208 sed
578 1161 630 1208 abiit
637 1162 664 1206 il·
730 1165 761 1207 10
772 1157 933 1209 consultarent
939 1170 1012 1208 autem
1018 1163 1114 1224 primarii
1122 1177 1158 1210 sa·

202 1228 245 1276 liae
254 1229 277 1274 in
286 1228 400 1289 regionem
407 1243 464 1288 quae
471 1234 506 1273 est
513 1241 581 1288 prope
589 1227 664 1272 deser·
696 1225 803 1280 cerdotes,
815 1232 840 1271 ut
851 1225 965 1272 Lazarum
981 1236 1047 1273 etam
1064 1227 1160 1274 trucida-

204 1308 257 1345 .um‚
268 1293 291 1338 in
303 1293 378 1338 urbem
388 1306 445 1352 quae
454 1291 534 1337 dieitur
542 1289 665 1351 Ephraim
697 1295 754 1335 rent.

203 1365 225 1402 et
237 1356 278 1401 illie
290 1356 369 1416 agebat
378 1369 429 1400 curn
441 1353 552 1415 discipulis
563 1354 616 1399 suis.
732 1356 758 1398 ll
778 1351 840 1406 Quia
850 1351 913 1398 multi
924 1367 954 1399 ex
965 1352 1056 1401 Judaeis
1071 1361 1161 1415 propter

235 1423 266 1466 55
285 1414 360 1480 Prope
373 1425 447 1464 autem
463 1425 510 1464 erat
525 1417 606 1478 paseha
620 1415 665 1463 Ju-
698 1431 749 1462 eum
761 1417 847 1462 abibant
857 1424 880 1462 et
890 1417 1007 1463 credebaut
1018 1421 1040 1462 in
1051 1417 1137 1465 Jesum.

204 1483 323 1528 tineosum:
342 1488 365 1526 et
375 1480 521 1526 ascenderunt
531 1480 595 1526 multi
606 1478 665 1526 Hie·
733 1484 762 1526 ta
778 1484 794 1541 1
807 1479 902 1527 Postero
908 1482 943 1528 die
951 1481 1014 1527 turba
1022 1481 1097 1535 multa,
1106 1497 1163 1542 quae

205 1546 337 1606 rosolymam
348 1559 378 1590 ex
388 1541 425 1590 itti
441 1545 531 1605 regium
548 1551 599 1590 ante
614 1559 666 1605 pas·
698 1553 791 1590 venerat
811 1544 839 1590 ad
859 1545 949 1600 festum,
965 1560 1033 1606 quum
1049 1546 1162 1592 audissent
1227 1553 1233 1562 “

204 1611 252 1662 rba,
264 1617 289 1655 ut
299 1607 439 1668 purificarent
449 1623 481 1654 se.
699 1607 777 1656 Jesum
789 1609 865 1654 venire
877 1607 1066 1668 Hierosolymam,

237 1678 268 1720 56
285 1672 428 1726 Quaerebant
438 1687 493 1733 ergo
504 1670 589 1724 Jemm,
600 1676 624 1717 et
631 1671 666 1716 lo·
733 1675 763 1718 15
785 1672 927 1734 Acceperunt
944 1687 1017 1719 ramos
1033 1673 1162 1734 palmarum,

204 1738 326 1797 quebantur
347 1736 383 1782 alii
406 1750 457 1782 eum
479 1735 526 1782 aliis
545 1735 668 1796 intemplo
699 1742 722 1781 et
742 1735 871 1797 prodierunt
891 1736 911 1782 ei
931 1737 1024 1791 obuiam,
1041 1744 1064 1782 et
1080 1737 1161 1783 clama-

204 1809 294 1855 stantes,
307 1799 370 1854 Quid
381 1800 467 1846 videtur
476 1798 555 1846 vobis?
570 1815 602 1845 uu
611 1815 667 1846 ren·
699 1799 758 1854 bant,
772 1797 897 1848 Hosanria!
915 1801 1042 1847 benedictus
1052 1802 1090 1862 qui
1101 1801 1163 1847 venit

204 1875 269 1914 turus
281 1880 325 1911 nou
336 1879 385 1910 esse
396 1865 424 1911 sd
434 1863 533 1910 festum?
699 1864 722 1909 ia
734 1864 824 1910 nomine
835 1863 936 1918 Domini,
949 1864 1001 1911 Rex
1011 1865 1048 1910 ille
1060 1863 1161 1914 Israelis!

239 1933 269 1976 57
288 1925 585 1990 Dederautautemprimsr'ti
594 1941 667 1973 meer-
734 1931 763 1972 14
785 1927 873 1974 Nactus
891 1935 964 1974 autem
981 1928 1048 1976 Jesus
1063 1929 1155 1976 asellum

206 1995 299 2039 doteset
307 1991 592 2042 Pharisaeimaudatumut
600 1991 668 2051 siquis
699 1991 779 2037 insedit
789 1991 816 2045 ei,
828 1993 885 2037 siout
896 1993 1000 2053 scripturn
1012 2000 1052 2046 est,
1098 2005 1101 2012 ·

208 2056 282 2102 nrisset
292 2057 327 2102 ubi
338 2063 404 2110 esset,
415 2056 526 2111 indicaret,
538 2063 563 2102 ut
572 2056 668 2118 preben·
735 2058 763 2101 15
776 2054 813 2100 Ne
821 2056 881 2106 time.
891 2054 937 2110 filia
944 2056 1030 2102 Sionis:
1043 2072 1101 2110 eece.
1112 2055 1163 2102 Ibex

207 2122 284 2166 derant
294 2135 351 2165 eum.
700 2118 737 2165 ille
749 2125 800 2164 tuus
808 2120 870 2165 renit
879 2118 978 2166 insidens
988 2121 1048 2182 pullo
1059 2121 1140 2167 asinae.

736 2186 765 2229 16
782 2180 848 2229 Ilaec
858 2191 932 2229 autem
948 2198 994 2230 non
1010 2193 1165 2246 cognoverunt

360 2243 434 2293 CAP.
457 2244 518 2292 xl1.
702 2246 802 2307 discipuli
812 2247 860 2309 ejus
871 2244 958 2309 primd:
979 2248 1097 2308 sedquum
1112 2248 1165 2310 glo·

259 2309 342 2356 ESUS
353 2326 408 2372 ergo
419 2325 459 2356 sex
469 2317 521 2356 ante
531 2310 612 2371 pascha
622 2308 668 2358 die·
702 2309 798 2356 rifiratus
819 2320 878 2357 esset
896 2310 970 2365 Jesus,
987 2319 1041 2358 tunc
1057 2313 1167 2360 recordati

209 2391 222 2426 t
272 2373 671 2427 bussenitinBethaniamubierat
702 2374 878 2421 suntbseoesse
888 2375 969 2436 scripta
984 2375 1012 2421 de
1027 2391 1061 2430 eo,
1078 2382 1101 2422 et
1117 2391 1166 2423 sese

211 2437 311 2484 lazarus
322 2439 401 2498 illequi
410 2437 482 2485 luerat
490 2447 596 2492 mortuus,
603 2453 670 2499 quem
702 2440 756 2485 baec
766 2437 796 2483 illi
808 2439 948 2500 praestitisse.

209 2502 502 2550 suscitaverstexmortuis.
737 2503 766 2548 17
783 2501 916 2549 Testabatur
923 2498 976 2549 verri
985 2504 1048 2549 turba
1055 2518 1111 2563 quae
1119 2511 1166 2550 erat

243 2569 257 2610 2
276 2565 386 2612 Fererunt
396 2566 464 2626 igitur
474 2567 494 2612 ei
511 2579 603 2612 coenam
619 2565 670 2620 illie,
702 2580 754 2612 oum
773 2579 806 2620 eo,
828 2563 888 2627 qudd
906 2564 1019 2613 lazarum
1037 2564 1167 2613 rorissetr

210 2638 232 2674 et
245 2629 336 2676 Martha
345 2629 497 2675 ministrabat:
517 2627 619 2676 Lazarus
629 2643 670 2674 au·
703 2637 855 2685 mouumento,
876 2637 901 2677 et
921 2628 1047 2678 suscitdsset
1074 2645 1126 2677 eum
1153 2646 1167 2679 a

211 2701 255 2739 tem
267 2707 324 2737 unus
340 2699 388 2737 erat
402 2707 432 2737 ex
448 2693 474 2738 iis
490 2692 527 2752 qui
543 2691 609 2738 simul
624 2692 670 2738 dis·
704 2694 804 2739 mortuis.

209 2755 449 2802 rumbebantoumeo.
706 2782 709 2790 ι
738 2760 768 2803 18
786 2755 978 2818 Proptereaetiam
988 2757 1167 2804 occurriteitur-

242 2814 671 2880 5Mariavesdaceeptilibrriunguen·
703 2820 737 2874 ba,
759 2821 811 2881 quia
830 2822 928 2869 audierat
949 2837 1000 2868 eum
1016 2823 1109 2870 edidisse
1125 2823 1168 2869 hoc

211 2881 226 2928 ti
250 2882 311 2928 nardi
332 2881 426 2942 liquidae
443 2883 505 2928 multi
521 2882 591 2944 pretii,
608 2883 673 2930 unxit
705 2885 802 2946 signum.

211 2947 277 3008 pedes
287 2945 349 3000 Jesu,
360 2953 383 2992 et
393 2947 485 2992 extersit
495 2947 561 3008 pedes
572 2947 619 3010 ejus
635 2962 672 2993 ιιι
742 2952 772 2996 19
785 2947 897 2996 Pharisaei
904 2965 959 3011 ergo
967 2949 1131 2996 dixeruntinter
1138 2965 1168 3005 se,

212 3011 268 3072 pillis
279 3011 340 3057 suis:
358 3011 438 3057 dumus
448 3019 523 3058 autern
534 3011 623 3072 impleta
639 3019 674 3060 est
708 3010 824 3058 Videtisne
840 3028 881 3058 nos
897 3014 952 3059 nihil
967 3012 1093 3074 profitere?
1109 3029 1169 3068 eree,

212 3075 280 3122 odore
291 3075 406 3136 unguenti.
707 3075 803 3122 mundus
813 3091 865 3122 eum
876 3085 982 3138 sequutus
992 3085 1034 3123 est.

244 3143 260 3184 4
276 3137 343 3186 Dixit
353 3155 408 3200 ergo
419 3139 507 3199 quidam
518 3153 547 3185 eis
563 3138 674 3200 discipulis
741 3144 773 3186 20
787 3139 889 3201 §Erant
899 3150 972 3188 autem
983 3141 1071 3202 quidam
1087 3141 1169 3190 Graeci

211 3205 265 3267 ejus,
273 3218 359 3263 nempe,
371 3202 441 3251 Judas
453 3203 549 3250 Simonis
550 3203 627 3266 filius,
637 3201 683 3250 tu·
708 3217 737 3249 ex
758 3204 785 3250 iia
806 3205 843 3265 qui
859 3206 981 3251 ascendunt
997 3211 1022 3250 ut
1038 3205 1130 3251 adorent
1146 3205 1169 3251 in

212 3267 312 3321 rariotea,
323 3267 360 3327 qui
370 3274 418 3314 erat
428 3282 479 3313 eum
490 3267 622 3328 proditurus,
708 3267 773 3314 sesto.
868 3275 869 3278 ’

244 3334 260 3377 5
277 3330 353 3385 Quare
364 3331 406 3376 hoc
417 3339 555 3391 unguentum
567 3345 674 3378 nouvar-
741 3334 768 3377 111
789 3329 830 3377 lsti
841 3347 897 3392 ergo
913 3329 1067 3378 veneruntad
1084 3329 1171 3393 Philip·

214 3395 253 3440 ruit
274 3395 379 3440 trecentis
394 3395 494 3448 denariis,
511 3401 534 3440 et
549 3394 624 3440 datum
641 3404 676 3442 est
708 3409 768 3456 pum,
780 3397 817 3456 qui
828 3403 878 3441 erat
888 3410 902 3442 a
913 3393 1034 3442 Bethsaidi
1051 3395 1170 3450 Galilaeae

216 3459 346 3567 pmdpllldll
353 3458 428 3568 dalem
440 3521 489 3574 boc,
498 3535 543 3566 non
552 3516 611 3580 qudd
619 3536 674 3582 pau-
708 3459 1048 3570 ῖξιΙῖἓιξιῖιῐιυἳξιιῑιιιιιιιῃζιίιῗὲοιὲηε.ἱ
1065 3457 1170 3513 nomme,

216 3599 291 3646 perum
310 3585 350 3644 ipsi
367 3600 419 3630 cura
436 3591 501 3638 esset,
518 3585 556 3630 sed
572 3585 624 3645 quia
640 3584 676 3630 fur
742 3589 773 3630 22
790 3585 860 3632 Venit
873 3585 995 3648 Philippus,
1012 3594 1035 3634 et
1050 3587 1103 3633 dicit
1121 3584 1159 3632 Au

215 3656 266 3700 stat.
288 3657 312 3692 et
332 3649 466 3708 marsupium
488 3649 586 3703 habebat,
607 3657 631 3695 et
648 3663 675 3695 ea
708 3647 789 3696 dreae:
808 3650 912 3697 Andreas
923 3667 1009 3697 rursum
1020 3658 1044 3697 et
1056 3649 1170 3712 Philippus

216 3725 269 3772 psas
280 3711 452 3756 immittebantur
463 3713 570 3772 gestabat.
708 3712 784 3759 dicum
795 3712 859 3760 Jesu.

246 3775 259 3816 't
279 3771 345 3820 Dixit
351 3788 406 3834 ergo
412 3772 486 3879 pessus,
495 3774 642 3827 Omitteesm.
652 3775 673 3822 ia
741 3779 772 3822 23
787 3775 855 3827 ‚lesus
866 3784 939 3823 sutem
955 3777 1067 3833 respondit
1082 3779 1121 3833 eis.
1138 3775 1159 3824 rb·
