2756 4320
521 355 528 368 x
601 395 711 451 ACTA,
736 395 831 444 xxiv.

238 510 308 550 tuscs
321 501 485 564 Hierosolymis
496 505 523 548 de
535 503 702 562 iisquaeadme
764 506 797 548 23
813 502 846 550 Et
864 504 976 551 advocatis
998 505 1083 552 durbus
1104 507 1193 567 quibus·

238 569 338 622 attinent,
350 568 381 612 sic
396 574 418 613 te
438 567 601 628 oportetetiam
613 567 702 612 Romae
732 567 783 614 dam
804 583 833 613 ex
854 569 1025 624 centunonibus‚
1049 570 1135 625 Parate,
1159 571 1197 626 ait,

238 631 320 678 testari.
665 634 668 644 ¹
734 631 814 676 milites
835 632 949 686 ducentos,
971 634 1008 692 qui
1029 633 1197 694 proficiscantur

273 698 302 739 12
320 693 377 739 Orto
388 703 462 739 autem
471 693 512 746 die,
522 693 609 752 quidam
619 708 648 739 ex
659 692 702 740 Ju-
735 692 867 740 Caesaream
884 711 959 755 usquc,
976 704 999 742 et
1013 699 1097 757 equites
1108 705 1196 758 septua-

239 758 298 804 daeis
311 755 369 803 sactis
383 755 479 803 coitione
494 757 631 803 devoverunt
648 772 702 811 sese,
733 759 802 818 ginta,
814 767 836 803 et
854 759 968 819 stipatores
985 761 1097 815 ducentos,
1109 777 1122 808 a
1133 760 1198 810 unia

240 822 337 867 dicentes
356 837 427 880 neque
443 837 520 867 csuros
535 835 565 874 se,
586 837 657 881 neque
670 821 703 866 bi·
734 818 789 866 horai
800 823 885 868 noctis:

239 885 327 940 bitures,
347 901 461 945 usquequo
477 881 623 931 trucidissent
643 883 703 936 Pau·
768 889 799 929 24
816 885 848 930 Et
866 894 890 931 ut
903 887 1005 946 jumenta
1023 887 1156 946 praeberent,
1172 895 1199 936 ut

240 953 293 996 lum.
735 948 861 1010 impositum
875 948 969 994 Paulum
990 951 1073 995 salvum
1089 953 1197 1012 perduce-

275 1017 305 1058 13
322 1013 394 1059 Erant
406 1008 460 1059 rerd
468 1012 550 1073 ¹plures
565 1007 631 1071 quim
648 1027 703 1071 qua·
736 1019 785 1057 rent
796 1013 823 1058 ed
836 1012 932 1059 Felicem
941 1015 1077 1073 praesidem:

240 1077 343 1138 draginta
353 1078 404 1129 viri.
416 1077 453 1138 qui
463 1077 520 1123 hanc
531 1075 704 1138 conjurationem
768 1079 798 1122 25
816 1074 903 1137 Scriptis
911 1075 1064 1136 epistoliquae
1072 1079 1128 1124 hanc
1135 1094 1198 1126 sum·

240 1139 354 1192 teeerantr
736 1155 794 1184 mam
806 1141 929 1186 contineret
939 1157 944 1186 :

276 1209 306 1250 14
323 1205 369 1258 Qut
394 1203 704 1264 adieruntprimariossacer·
768 1207 799 1250 26
817 1203 923 1250 Claudius
941 1203 1021 1264 Lysias
1035 1206 1198 1265 praestattissi·

242 1271 305 1315 dotes
321 1276 344 1314 et
365 1269 469 1321 seniores,
489 1274 512 1313 et
527 1267 637 1320 dixerunt,
655 1265 705 1310 De·
736 1281 774 1312 mo
785 1267 877 1327 praesidi
890 1267 958 1314 Felici
970 1268 1068 1313 salutern.

243 1333 333 1378 votione
359 1332 488 1378 devovimus
516 1331 624 1390 nosipsos,
651 1329 706 1374 nihil
768 1335 798 1376 27
816 1330 896 1376 Virum
913 1332 972 1377 hunc
988 1333 1197 1392 comprehensurus

242 1403 370 1456 gustaturos
392 1409 505 1454 usquequo
524 1393 705 1440 trucidaverimus
736 1392 833 1448 Judaeis,
845 1410 912 1454 quum
924 1397 972 1456 jam
989 1395 1087 1442 futurum
1103 1405 1200 1443 essesut

244 1457 345 1504 Paulum.
736 1458 762 1503 ab
788 1459 819 1503 eis
846 1459 1014 1513 interimeretur,
1042 1461 1200 1520 superveniens

277 1525 306 1568 15
324 1521 391 1566 Nunc
413 1536 468 1580 ergo
486 1536 528 1566 vos
549 1521 643 1566 indicate
664 1521 704 1566 tri·
736 1537 786 1567 eum
798 1522 891 1567 militum
908 1537 981 1576 manu,
993 1523 1046 1576 erui,
1057 1539 1125 1583 quum
1141 1539 1199 1585 cog-

242 1586 302 1631 buno
314 1600 341 1630 ex
353 1585 468 1630 eonsessils
480 1584 599 1638 voluntate,
612 1591 637 1629 ut
653 1600 704 1630 eum
736 1587 846 1631 novissem
859 1585 986 1632 Romanum
997 1602 1053 1634 esse.

243 1665 291 1694 cras
302 1649 329 1694 ad
339 1663 380 1693 vos
391 1648 490 1701 deducat,
498 1648 565 1693 veluti
576 1645 705 1708 exquisitids
768 1653 798 1694 28
816 1649 849 1695 Et
856 1649 933 1696 volens
941 1650 1090 1696 scireoausam
1099 1667 1139 1696 cur
1147 1667 1199 1698 eum

243 1713 410 1774 percognituros
419 1711 445 1757 de
454 1711 480 1756 iis
488 1712 635 1771 quaeadeum
642 1727 704 1771 spec·
736 1712 910 1768 criminarentur,
930 1714 1010 1759 deduxi
1030 1729 1080 1759 eum
1098 1719 1120 1760 ln
1137 1715 1199 1776 ipso·

243 1785 309 1823 tant:
327 1792 368 1822 nos
379 1772 439 1828 verd,
451 1776 576 1836 priusquam
588 1777 705 1836 appropin-
735 1792 785 1821 runr
797 1793 931 1822 consessum.

243 1848 301 1901 quet,
313 1841 381 1901 parati
394 1855 469 1886 sumus
480 1840 551 1900 ipsum
563 1840 694 1886 interimere.
774 1845 805 1887 29
834 1840 908 1893 Quem
930 1841 1026 1902 comperi
1053 1841 1149 1888 accusari
1171 1842 1199 1888 de

277 1909 307 1952 16
325 1905 400 1959 Quum
409 1912 482 1952 autem
489 1903 547 1950 filus
555 1905 636 1950 sororis
646 1903 705 1949 Pau·
736 1904 897 1963 quaestionibus
918 1905 974 1966 legis
992 1906 1096 1966 ipsorum,
1116 1905 1200 1952 nullius

245 1972 259 2012 ii
269 1969 365 2014 audisset
376 1969 471 2021 insidias,
480 1968 548 2022 venit,
560 1975 582 2013 et
593 1968 706 2028 ingressus
736 1970 789 2013 verd
799 1969 897 2015 criminis
909 1984 969 2014 reum
986 1970 1046 2028 quod
1062 1969 1089 2014 sit
1105 1969 1198 2030 dignum

244 2046 266 2076 m
277 2039 355 2084 castra,
367 2031 503 2076 renunciavit
514 2033 575 2076 urard
588 2030 665 2077 Paulo.
736 2039 807 2076 morte
818 2038 856 2077 aut
867 2032 967 2078 vinculis.

278 2097 306 2141 17
325 2094 408 2140 Paulus
426 2101 506 2148 autem,
524 2095 631 2140 advocato
650 2110 706 2154 quo·
767 2099 800 2140 30
819 2094 924 2142 Indicatis
945 2103 1019 2146 autem
1040 2096 1093 2141 milri
1114 2095 1200 2143 insidiis

243 2158 296 2204 dam
305 2172 333 2202 ex
344 2157 513 2211 centurionibus,
522 2158 559 2210 ait,
567 2157 705 2204 Adolescen-
735 2156 840 2204 adversirs
851 2160 909 2206 hunc
920 2159 992 2205 virum
1008 2160 1120 2205 eventuris
1130 2174 1144 2205 a
1154 2160 1198 2208 Ju-

242 2234 292 2279 tem
300 2221 439 2267 hntrcabduo
450 2221 477 2266 ad
493 2222 621 2277 tribunum3
643 2223 707 2267 habet
736 2222 898 2284 daeiseoipso
914 2231 1027 2270 momento
1042 2224 1092 2269 misi
1107 2225 1197 2273 named

244 2285 303 2330 enim
314 2285 372 2346 quod
384 2285 503 2331 annunciet
514 2285 541 2331 ei.
736 2292 764 2339 te,
776 2293 799 2332 et
815 2287 945 2332 denunciari
961 2303 1049 2346 quoque
1063 2289 1197 2334 accusatori·

279 2353 307 2394 18
332 2348 374 2396 Ille
395 2349 463 2410 igitur
490 2357 626 2410 assumptum
648 2365 705 2403 eum,
735 2350 782 2402 bus,
795 2347 1152 2410 utquaehabentadversdseum
1163 2352 1197 2398 di·

245 2413 308 2459 duxit
324 2415 352 2460 ad
368 2415 486 2466 tribunum,
498 2422 521 2459 ct
536 2413 597 2466 dixit,
611 2412 707 2458 Vinctus
736 2421 788 2458 cant
798 2414 855 2474 apud
868 2421 906 2460 tes
926 2413 990 2460 Vale.

244 2477 280 2522 ille
293 2477 375 2537 Pardus
386 2479 516 2536 advocmum
533 2492 569 2522 me
585 2477 672 2537 rogavit
683 2484 707 2522 ut
768 2481 796 2522 51
811 2481 825 2538 1
838 2477 923 2524 Milites
931 2479 1005 2539 igitur,
1013 2478 1069 2524 sicut
1077 2478 1198 2540 ipsisprae·

245 2547 303 2586 bunc
321 2541 482 2586 adolescentem
504 2541 606 2586 ducerem
628 2541 656 2585 ad
677 2547 705 2594 te,
736 2541 1197 2602 ceptumeratassumptumPaulumdux·

243 2604 280 2662 qui
293 2603 373 2664 aliquid
382 2605 458 2650 habeat
469 2604 528 2664 quod
539 2604 576 2648 tibi
587 2603 695 2662 loquatur.
736 2611 877 2650 eruntnocte
889 2605 1035 2666 Antipatrida.
1060 2640 1069 2655 a

279 2669 308 2713 19
324 2666 437 2712 Tribunus
456 2662 515 2719 verd,
535 2663 642 2726 prehensi
658 2669 706 2726 ejus
768 2672 801 2712 52
819 2667 913 2714 Postero
921 2678 995 2715 autem
1007 2670 1041 2714 die
1053 2670 1134 2717 reversi
1145 2675 1199 2716 sunt

244 2743 319 2782 manu,
327 2745 394 2788 quum
406 2730 531 2774 secessisset
540 2745 645 2781 seorsum,
655 2745 705 2790 per·
737 2729 760 2776 in
776 2739 854 2785 castra,
874 2733 955 2778 relictis
973 2734 1081 2792 equitibus
1093 2735 1131 2794 qui
1146 2747 1198 2780 cum

244 2800 346 2838 conlatus
367 2799 407 2844 est,
428 2792 490 2845 Quid
508 2799 542 2836 est
563 2793 622 2852 quod
640 2794 707 2840 habes
737 2795 971 2855 eoproticiscerentur.

244 2856 297 2901 mihi
308 2854 505 2901 annunciandum?
769 2862 801 2903 55
813 2859 860 2910 Qui
866 2875 933 2919 quum
941 2860 1053 2906 venissent
1060 2858 1199 2908 Caesaream·

276 2923 308 2965 20
324 2920 367 2966 Ille
378 2926 451 2965 autem
463 2919 523 2973 dixit,
533 2917 549 2966 J
550 2919 610 2965 udaei
622 2921 706 2966 consti-
737 2929 760 2966 et
771 2922 915 2968 reddidissent
923 2925 1036 2984 epistolam
1048 2925 1146 2985 praesidi,
1158 2927 1195 2971 sti-

245 2991 334 3030 tuerunt
352 2991 374 3030 te
392 2999 478 3044 rogare,
498 2991 523 3028 ut
541 2998 589 3028 oras
612 2982 707 3030 Paulum
738 2992 812 3031 terunt
820 3001 894 3032 coram
906 3003 932 3032 eo
943 2989 1009 3033 etiam
1022 2987 1123 3034 Paulum.

244 3048 338 3094 deducas
355 3048 378 3094 in
397 3063 532 3108 consessum,
552 3047 612 3107 quasi
628 3047 707 3108 aliquid
769 3053 802 3094 34
819 3049 895 3102 Quum
915 3051 1005 3111 legisset
1026 3061 1098 3098 autem
1120 3053 1198 3101 literas

244 3109 373 3171 exquisitids
382 3112 530 3172 percontaturi
541 3111 586 3157 sint
596 3112 624 3156 de
634 3128 668 3157 eo.
736 3127 830 3172 praeses,
842 3120 865 3158 et
881 3112 1037 3174 interrogrisset
1053 3113 1135 3174 exquir
1146 3132 1199 3177 pro-

277 3181 305 3221 21
324 3176 361 3222 Tu
380 3172 434 3222 verd
452 3191 480 3222 ne
497 3175 549 3236 ipsis
571 3176 705 3232 assentitor;
737 3173 809 3220 vinciri
824 3185 888 3230 essct,
903 3193 928 3223 ac
947 3179 1088 3238 cognovisset
1103 3195 1152 3225 esse
1171 3195 1198 3226 es

244 3240 374 3286 ·nsidiantur
385 3240 443 3284 enim
455 3240 475 3285 ei
486 3254 514 3285 ex
525 3239 572 3284 istis
581 3239 621 3284 siri
633 3239 706 3299 plures
739 3237 822 3294 Cilicid,

244 3304 395 3364 quadraginta,
412 3303 449 3362 qui
467 3304 550 3362 seipsos
561 3303 705 3356 devoverunt,
768 3306 800 3350 35
817 3304 914 3350 Audiam
926 3315 954 3357 te,
966 3305 1043 3364 inquit,
1054 3321 1122 3364 quum
1132 3319 1196 3354 scca·

245 3379 315 3426 neque
326 3382 402 3412 esurus
421 3381 492 3425 neque
508 3365 613 3411 bibituros
624 3381 705 3426 usque·
737 3374 820 3413 satores
830 3383 917 3428 quoque
928 3369 959 3413 tui
971 3368 1087 3414 adfuerint.
1114 3368 1197 3417 Jussit·

244 3444 287 3488 quo
304 3430 455 3476 interemerint
469 3444 534 3474 eum:
554 3435 576 3474 et
593 3444 651 3474 nunc
666 3445 705 3490 pa·
736 3431 816 3489 quein
834 3433 943 3492 praetorio
956 3431 1055 3478 Herodis
1065 3433 1135 3494 ipsum
1146 3447 1200 3480 cuv·

245 3494 284 3538 rati
302 3501 360 3547 sunt,
375 3501 528 3553 exspectantes
544 3492 597 3552 quid
608 3507 621 3538 a
631 3501 654 3538 te
670 3509 705 3538 re·
736 3494 808 3539 todiri.

244 3558 367 3603 sancietur.
801 3560 803 3564 ⁴

276 3622 308 3664 22
324 3619 437 3665 Tribunus
448 3620 516 3680 igitur
527 3619 608 3664 dimisit
618 3619 705 3666 adoles·
869 3620 943 3670 CAP.
966 3621 1064 3669 XXIV.

206 3721 209 3728 .
245 3683 705 3743 sentem,qnumeipraecepissetutnulli
799 3683 937 3739 UINQUE
958 3675 1031 3733 autem
1053 3694 1104 3747 post
1123 3687 1200 3734 diebus

246 3741 665 3852 εἳιιιίτεειιμκὶᾱ1ιειεο11ἕ4εἰιιιάῑοΐιεεει.Δ
835 3749 947 3794 descendit
968 3750 1068 3811 pontifex
1089 3752 1201 3798 maximus
