2734 4314
586 374 738 426 MAncUa
760 373 819 424 Vll.

225 497 256 532 tea
266 493 290 530 et
300 485 421 540 abeuntea3
440 488 463 529 et
473 497 503 530 ue
513 483 585 529 enum
597 481 685 543 quidem
717 479 740 526 ln
757 479 883 527 ulteriorem
900 483 975 540 ripen
995 477 1133 528 Bethsaidae
1144 494 1176 539 op

224 563 302 609 capere
312 548 365 611 ipsis
375 547 474 592 vacabat
718 545 899 606 positamdnm
927 547 974 606 ipse
996 545 1116 590 dimitteret
1137 555 1182 590 uir·

255 616 288 658 32
304 612 415 657 Abierant
425 608 686 670 igiturindesertumlo·
719 609 776 657 bam.

225 691 275 722 eum
287 675 377 736 nauigio
389 675 488 720 seorsim.
752 676 782 717 46
801 671 831 716 Et
843 686 910 731 qutun
923 668 1118 720 arnanditsseteos.
1132 672 1186 718 abiit

256 743 288 785 35
306 738 368 784 Vidit
379 746 453 783 autern
464 753 504 784 eoa
519 737 624 784 abeuntes
641 743 688 782 tur·
720 737 741 781 in
754 745 851 780 montem
864 735 891 780 ad
903 735 1044 795 precandum.

226 819 258 855 oa,
269 811 293 850 et
303 810 444 864 agnoverunt
456 815 507 848 eum
524 801 593 854 multi,
611 811 633 846 et
650 817 688 860 pe·
753 803 782 846 47
802 799 878 852 Quum
891 807 964 844 autern
982 814 1056 844 serum
1064 799 1110 844 dier
1122 800 1186 846 adca-

226 868 288 913 dibus
298 881 326 912 ex
338 866 440 912 omnibus
454 866 578 912 civitatibus
595 880 689 910 concur·
721 871 760 916 aet,
772 873 820 908 erut
831 864 945 924 riauigium
956 864 979 908 in
995 863 1067 908 medio
1084 865 1146 918 mari,
1163 871 1187 910 et

226 938 303 978 rerunt
313 927 371 983 illric,
387 937 593 990 praeveneruntque
605 944 651 980 eos,
668 937 691 974 et
721 928 768 988 ipse
779 927 839 974 solus
850 927 873 972 in
885 925 950 974 terrai.

225 1002 378 1043 convenerunt
388 994 416 1040 ad
427 1009 486 1040 eum.
753 995 784 1036 48
804 990 953 1052 Viditqueeos
962 997 1054 1046 rexatus
1065 991 1087 1036 in
1096 993 1188 1052 nnolgrb

258 1063 291 1104 54
307 1057 374 1104 Tune
399 1073 503 1119 egressus
527 1057 582 1102 vidit
605 1058 691 1103 turbam
722 1055 882 1118 provehend0;
909 1062 956 1101 erat
977 1055 1037 1100 enim
1056 1061 1137 1101 ventus
1156 1057 1188 1102 eir

226 1123 319 1170 multam
331 1121 405 1176 Jesus,
421 1130 445 1168 et
455 1121 646 1168 commiseratione
657 1121 692 1166 in·
723 1120 846 1166 contrarius
856 1136 863 1176 ;
880 1125 903 1166 et
914 1120 972 1165 dirca
979 1126 1079 1180 quartam
1088 1119 1187 1185 vigilium

222 1185 281 1246 ‚timia
289 1194 414 1232 commotus
422 1193 457 1232 est
465 1202 531 1248 super
538 1186 577 1239 eis.
589 1183 693 1245 quoniam
724 1184 796 1230 noctis
809 1184 871 1230 venit
886 1183 914 1229 ad
930 1199 975 1238 eos,
992 1183 1106 1229 ambulans
1123 1199 1189 1244 snper

227 1251 554 1298 erantutoresnonbabentea
565 1256 691 1310 pastoremz
724 1262 791 1302 mere,
804 1247 882 1293 voleba
907 1263 934 1292 ue
945 1262 984 1293 eos
994 1246 1120 1307 praeterire.

228 1317 342 1376 coepitque
353 1329 392 1360 eos
403 1314 482 1360 docere
490 1314 566 1360 multa.
757 1316 789 1358 49
806 1309 841 1358 llli
853 1327 913 1364 vero,
925 1311 974 1356 viso
982 1327 1009 1356 eo
1018 1311 1143 1356 ambulante
1152 1326 1189 1356 su-

260 1375 290 1424 55
309 1378 386 1432 Quum
398 1385 471 1423 autem
483 1379 532 1438 jam
548 1375 631 1422 multus
648 1375 695 1421 dies
724 1389 764 1436 per
775 1391 842 1428 mare,
855 1371 960 1435 putrirunt
971 1383 1081 1436 spectrum
1093 1390 1149 1428 esse,
1166 1385 1189 1420 et

229 1452 294 1492 esset,
322 1441 423 1486 adierunt
443 1455 495 1486 eum
517 1440 616 1501 discipuli
638 1441 694 1502 ejus,
724 1439 920 1486 exclamaverunt:

230 1507 333 1558 dicentes,
351 1503 462 1550 Desertus
478 1511 512 1550 est
528 1505 591 1550 locus
606 1504 655 1560 iste,
672 1511 695 1548 et
758 1507 790 1550 50
807 1503 892 1550 Omnes
903 1503 961 1548 enim
974 1503 1077 1548 videbant
1092 1518 1150 1557 eum,
1168 1512 1191 1549 et

229 1572 273 1630 jam
286 1569 368 1614 multus
380 1569 426 1614 dies
437 1579 470 1614 est
479 1584 487 1624 ς
725 1567 804 1613 turbati
814 1577 873 1613 sunt.
907 1567 951 1613 Sed
960 1567 1033 1612 statim
1042 1566 1146 1627 loquutus
1157 1576 1191 1614 est

262 1637 293 1678 36
312 1632 408 1678 Dimitte
419 1648 464 1686 eos,
477 1640 501 1677 ut
508 1632 612 1678 abeuntes
621 1631 643 1676 in
651 1631 694 1676 cir·
725 1631 824 1685 cumeis,
836 1639 858 1677 et
867 1631 928 1686 dixit,
939 1629 1064 1687 Confidite3
1081 1646 1125 1692 ego
1134 1646 1191 1685 aum,

230 1698 379 1757 cumjacentes
387 1711 453 1757 egros
464 1711 489 1742 ac
501 1697 563 1742 vicos
571 1704 647 1742 emant
655 1695 695 1740 sibi
726 1710 755 1742 ne
765 1695 848 1741 timete.

150 1810 153 1826 ⁹
231 1775 311 1822 pruses:
336 1775 387 1810 nam
404 1775 448 1824 quo
465 1768 584 1806 vescantur
598 1761 694 1806 nonbn·
758 1763 786 1806 5l
806 1759 872 1806 Tunc
880 1757 1061 1806 ascenditadeos
1069 1758 1092 1804 in
1101 1758 1186 1820 navigi·

231 1825 289 1870 bcnt
726 1839 778 1880 um;
795 1824 921 1884 quievitque
932 1831 1028 1869 ventus:
1047 1830 1070 1868 et
1079 1824 1124 1882 r'psr'
1131 1825 1190 1869 rnul-

262 1893 293 1936 57
311 1888 345 1934 At
365 1888 402 1933 ille
423 1889 559 1950 respondens
580 1888 635 1934 dixit
657 1887 696 1941 eis,
727 1884 750 1934 td
762 1889 834 1949 magis
845 1887 902 1948 apud
913 1886 1160 1949 seseobstupescebant
1167 1897 1191 1933 et

233 1952 293 1999 Date
304 1968 345 1999 ros
354 1951 409 2014 ipsis
419 1969 464 2013 quo
473 1961 597 2000 vescantur.
630 1951 653 1997 T
654 1967 697 1997 une
726 1952 869 1998 mirabantur.

232 2017 307 2062 dicunt
325 2017 351 2070 ei,
375 2018 442 2063 Νιιηι
464 2016 557 2076 profecti
578 2016 697 2062 emerimus
759 2020 790 2062 52
808 2015 863 2062 Non
882 2015 941 2061 enim
960 2014 1114 2061 intellexerant
1130 2019 1192 2075 qaoo'

231 2081 331 2126 ducentis
342 2080 436 2125 denariis
447 2095 522 2140 panes,
539 2088 562 2126 et
572 2079 697 2126 dederimus
718 2077 901 2141 flactnnrjirernt
912 2079 954 2124 illis
962 2079 1069 2140 panibus;
1086 2080 1190 2139 quoniam

231 2144 262 2189 eis
273 2159 318 2203 quo
329 2143 466 2190 vescantur?
726 2159 765 2190 eor
776 2160 853 2189 eorum
865 2145 977 2205 stupidum
988 2151 1041 2189 erat.

264 2212 295 2252 58
314 2205 366 2269 lpse
374 2204 428 2253 verd
440 2207 495 2253 dixit
505 2206 543 2260 eis,
558 2205 620 2261 Quot
628 2222 697 2268 panes
758 2212 790 2255 53
808 2208 839 2254 Et
850 2223 918 2268 quum
930 2207 1072 2268 trajecissent,
1085 2216 1192 2254 venemnt

234 2271 334 2318 bebetis?
351 2272 408 2317 abite
419 2280 443 2317 et
453 2271 533 2318 ridete.
567 2271 600 2318 Et
613 2273 654 2325 illi,
673 2287 697 2317 re
726 2272 750 2318 in
771 2280 852 2319 terram
882 2273 1026 2325 Gennesaret,
1055 2279 1077 2318 et
1100 2272 1191 2332 appule-

231 2333 328 2397 cognita,
345 2337 454 2391 dixerunt,
473 2336 585 2400 Quinque,
602 2343 625 2383 et
641 2336 697 2382 duos
727 2345 785 2384 ruut.

232 2416 311 2462 pisces.
759 2405 790 2448 54
808 2399 903 2461 {Tunc
920 2399 972 2460 ipsis
988 2400 1084 2461 egressis
1100 2415 1113 2446 e
1130 2401 1188 2447 uari

264 2469 296 2512 59
313 2463 379 2512 Tune
390 2465 505 2527 imperavit
515 2465 548 2511 eis
559 2471 584 2511 ut
599 2463 698 2511 facerent
726 2465 772 2528 gio,
785 2465 857 2510 statim
869 2465 945 2525 agnito
957 2480 990 2518 eo,

233 2530 368 2576 discumbere
388 2545 465 2576 omues
482 2545 522 2590 per
539 2529 641 2575 convivia
659 2544 696 2574 su·
760 2531 791 2576 55
810 2524 1194 2590 PercursaitotriillicircumJacentc

234 2607 272 2653 per
286 2593 346 2636 viridi
358 2594 466 2653 gramine.
561 2633 566 2638 .
728 2593 825 2654 regione.
843 2594 943 2638 lunnines
950 2594 996 2638 loci
1003 2594 1067 2639 illius
1074 2606 1193 2653 coeperunt

266 2660 299 2700 40
316 2655 482 2702 Discubuerunt
498 2655 566 2717 igitur
585 2655 698 2716 sigillatim
728 2658 750 2703 ln
761 2657 871 2718 grabbatis
882 2652 939 2702 niele
948 2655 1038 2703 allectos
1046 2657 1194 2712 circumferre,

233 2735 271 2781 per
279 2719 370 2773 areolas,
379 2721 467 2779 purtim
478 2719 572 2773 centeni,
582 2728 604 2766 et
609 2723 697 2780 partina
729 2722 765 2766 ubi
777 2720 893 2767 audiebant
904 2735 956 2766 eum
967 2735 1022 2767 esse.

234 2783 389 2843 quinquageni.
761 2789 792 2831 56
811 2785 840 2830 Et
850 2781 982 2844 qudcnnque
990 2784 1118 2832 introissent
1127 2785 1150 2831 in
1159 2787 1181 2832 ri

266 2851 293 2890 41
316 2846 347 2891 Et
358 2846 452 2906 acceptis
463 2861 559 2906 quinque
576 2846 618 2892 illis
634 2849 697 2908 pani-
729 2865 773 2902 cos,
786 2858 824 2895 aut
836 2850 905 2902 urbes,
917 2859 955 2894 aut
966 2865 1039 2910 egros,
1056 2850 1079 2894 in
1090 2847 1145 2895 loris
1153 2866 1186 2911 po

234 2913 281 2962 bus,
298 2925 324 2956 ae
341 2909 425 2956 duobus
442 2910 484 2955 illis
506 2911 607 2971 piscibus,
629 2927 697 2971 quum
729 2915 810 2959 nebant
822 2923 932 2974 aegrotos,
948 2922 970 2958 et
981 2913 1126 2974 precabantur
1142 2930 1193 2960 eun·

235 2975 368 3035 suspexisset
385 2975 407 3019 in
424 2973 517 3028 coelum,
539 2975 651 3020 benedixit
673 2991 698 3021 ec
730 2988 754 3022 ut
773 2977 809 3023 vel
828 2976 935 3023 fimbriam
955 2978 1012 3038 pallii
1031 2978 1099 3038 ipsius
1114 2985 1191 3039 tange·

235 3037 301 3100 fregit
312 3054 393 3100 panes;
411 3038 512 3098 deditque
523 3039 634 3100 discipulis
646 3041 697 3092 suis,
730 3051 792 3088 rent:
822 3048 845 3086 et
867 3050 975 3102 quotquot
997 3042 1117 3103 tangebant
1136 3034 1193 3092 eum.

235 3113 258 3150 ut
269 3101 299 3149 illi
308 3111 456 3164 apponerent:
475 3111 498 3149 et
506 3103 561 3150 duos
570 3104 641 3165 pisces
648 3119 698 3165 par·
730 3106 880 3152 servabuntur.

236 3167 288 3213 titus
299 3175 333 3213 est
344 3169 452 3214 omnibus

268 3235 300 3276 42
318 3229 513 3292 Comederuntque
523 3247 608 3286 omnes,
625 3243 648 3279 et
663 3248 698 3280 sa-
886 3232 959 3282 CAP.
987 3233 1043 3280 Vll.

238 3296 301 3351 {arati
312 3304 371 3341 sunt.
791 3297 838 3344 UN
845 3295 1069 3358 'leogunturadeunr
1078 3297 1189 3346 Pliarisaei

268 3364 299 3413 45
317 3359 350 3418 Et
368 3359 504 3410 sustulerunt
522 3357 698 3420 fragmentomm
814 3368 834 3407 et
849 3362 936 3421 quidam
947 3377 976 3409 ex
984 3363 1066 3415 scribis,
1079 3364 1115 3423 qui
1126 3379 1193 3408 rene·

237 3423 350 3469 duodecim
362 3424 468 3484 cophinos
479 3423 562 3484 plenos,
580 3431 602 3469 et
613 3439 642 3469 ex
653 3425 698 3486 pis-
730 3432 778 3471 rant
792 3423 831 3471 Hir
840 3425 963 3486 rusolymis.

236 3488 302 3532 tibus.
762 3493 777 3533 2
795 3488 825 3534 Et
838 3504 906 3550 quum
919 3490 1027 3536 vidissent
1043 3491 1149 3550 quosdam
1166 3506 1192 3537 es

268 3553 297 3593 44
317 3549 388 3597 Erant
406 3559 479 3598 autern
499 3550 535 3610 qui
558 3551 699 3598 comederent
730 3552 842 3613 discipule
862 3554 910 3616 ejus
931 3553 1021 3614 pollutis
1043 3557 1144 3603 manibus
1162 3555 1193 3616 (td

183 3626 186 3635 ·
238 3616 297 3674 qnasi
309 3615 424 3673 quinquies
435 3615 495 3660 mille
506 3615 554 3659 viri.
729 3624 770 3670 est,
790 3617 819 3662 ill
829 3615 868 3676 tir)
891 3618 956 3664 edere
977 3633 1064 3679 ponem,
1081 3624 1195 3679 conquesti

267 3679 299 3722 45
316 3679 331 3736 ἦ
346 3676 378 3721 Et
397 3678 471 3722 statim
490 3679 565 3740 coegit
581 3677 699 3738 discipulos
731 3689 789 3726 sunt.

241 3739 559 3847 tonsrnsccnderentqggium
576 3749 599 3786 et
615 3743 700 3802 praeire
762 3748 778 3788 ὅ
796 3743 828 3790 b'·
850 3743 1188 3796 ‚Pharisadetomnendndtri
