2720 4312
412 347 415 350 Ι
463 393 483 436 1.
500 389 550 437 AD
574 387 795 444 CORINTHIOS,
819 387 864 435 lx.

172 493 271 544 nonnulli
288 495 352 540 enim
369 509 425 540 cara
443 489 578 540 conscientii
594 490 647 539 tutti
708 499 724 542 9
740 492 801 539 Nam
812 493 835 539 in
845 493 975 556 Moslslege
983 496 1088 557 scriptum
1097 507 1135 550 est.

175 574 242 619 usque
253 559 336 604 adhoc
348 566 448 617 ternpus,
460 564 484 602 ut
492 555 555 604 idrilis
565 558 646 602 immo·
677 556 731 603 Non
740 557 846 618 obligabis
853 574 879 604 os
887 559 937 604 bovi
944 559 1063 606 tit-aranti.
1075 559 1100 607 N
1102 577 1139 608 um

176 622 243 670 latum
258 622 347 678 edunt3
368 629 394 666 et
411 621 547 667 conscientia
562 636 646 675 eorum,
676 621 744 666 boves
755 636 822 667 curae
833 630 884 668 sunt
897 621 969 668 Deo?

136 689 140 692 ’
178 685 263 733 infirma
273 700 344 745 quum
354 685 391 738 sit,
404 684 518 744 polluitur.
711 687 740 729 10
756 685 794 730 An
806 687 847 731 lroc
858 695 946 746 propter
957 701 998 732 nos
1005 685 1096 733 omnini
1104 688 1138 733 di·

211 754 225 795 8
243 746 365 796 Caeterrlm
371 763 646 794 escanosnoacommen·
676 747 724 792 cit?
743 747 836 808 Propter
848 763 889 794 nos
899 752 958 796 enim
975 753 1017 798 loc
1032 752 1138 814 scripturn

180 813 217 859 dat
228 812 298 858 Deo:
318 811 468 871 nequeenim
487 811 505 856 si
525 825 647 866 vescamur,
675 820 725 866 est;
742 826 793 857 nam
805 813 845 857 sub
861 827 900 872 spe
915 813 979 860 debet
995 815 1015 862 is
1032 817 1069 875 qui
1085 821 1139 869 arat,

182 876 230 936 plus
240 877 364 930 habemus;
381 889 455 934 neque
470 875 488 920 si
508 889 553 921 non
570 889 646 920 vesca-
676 889 754 930 arare;
771 875 846 934 etqui
864 877 951 923 triturat
969 879 1010 924 sub
1028 894 1073 940 spe,
1093 881 1138 940 spei

182 955 237 992 mur,
249 941 324 985 miuus
334 939 449 983 hahemus.
676 952 729 982 suae
739 939 846 998 particeps
857 954 912 984 esse.

215 1009 230 1051 9
248 1003 293 1048 Sed
303 1002 378 1048 videte
389 1016 418 1046 ne
429 1016 472 1060 quo
481 1000 547 1045 modo
555 999 647 1046 facultas
712 1004 738 1046 li
759 1001 781 1046 Si
794 1017 835 1046 nos
846 1003 907 1047 vobis
918 1003 1037 1062 spiritualia
1044 1004 1128 1051 semina

184 1067 305 1125 illaflvestra
321 1064 454 1111 offendiculo
470 1065 499 1112 sit
514 1065 541 1110 iis
557 1065 593 1124 qui
612 1065 646 1109 in·
678 1065 757 1118 vimus,
768 1079 873 1126 magnum
885 1074 918 1111 est
930 1067 947 1111 si
959 1082 1000 1113 nos
1010 1075 1129 1116 uestraene

183 1129 241 1176 firmi
252 1137 311 1175 sunt.
678 1127 736 1174 salia
746 1129 921 1174 messuerimus?

219 1196 249 1238 lo
266 1191 358 1238 Etenim
378 1190 446 1250 siquis
464 1189 543 1241 viderit
561 1197 590 1244 te,
612 1188 649 1238 illa
713 1195 742 1236 12
759 1191 782 1237 si
794 1191 829 1238 alii
840 1193 878 1237 sui
888 1187 1138 1254 invosjurisparticipea

185 1254 262 1304 antini
279 1256 408 1317 praeditum,
428 1255 450 1300 in
469 1253 540 1302 idoleo
558 1269 647 1301 accum-
678 1261 736 1308 sunt,
747 1271 779 1300 arr
789 1270 834 1300 non
845 1253 918 1316 potius
929 1257 989 1303 nos?
1005 1258 1075 1317 Atqui
1092 1273 1137 1304 non

185 1321 242 1373 bere,
254 1335 329 1365 nonne
339 1318 473 1364 conanentia
482 1318 550 1378 ipsius
560 1318 598 1378 qui
613 1318 648 1364 io·
678 1318 712 1364 usi
722 1317 804 1364 fuimus
814 1320 866 1380 jure
882 1320 941 1376 isto;
958 1321 996 1366 sed
1009 1322 1083 1367 omnia
1091 1336 1137 1368 sus·

186 1383 261 1428 firmus
272 1390 313 1436 est,
325 1382 481 1428 instrueturad
498 1382 607 1428 edendum
623 1396 650 1428 eo
678 1382 779 1435 tinemut,
792 1398 820 1429 ne
830 1383 1014 1446 interrumpamus
1025 1387 1138 1448 evangeli-

186 1463 242 1507 quae
252 1455 304 1492 sunt
314 1444 378 1490 idolis
388 1445 501 1492 mactata?
679 1460 716 1491 um
729 1444 820 1494 Christi.

190 1557 193 1562 Δ
220 1514 247 1556 ll
266 1509 300 1556 Et
310 1507 400 1555 tuiisti
411 1506 488 1556 notitia
496 1508 605 1568 iratesqui
614 1509 648 1555 in·
712 1513 743 1556 15
758 1511 797 1556 Aa
809 1511 897 1558 necitis
908 1528 946 1558 eos
957 1512 994 1573 qui
1005 1513 1073 1560 saeris
1083 1529 1137 1575 ope·

187 1573 262 1619 iirmus
273 1580 313 1627 est,
325 1580 489 1634 propterquam
503 1571 605 1619 Christus
616 1580 650 1618 est
678 1580 760 1629 rantur,
767 1589 792 1620 ea
798 1577 991 1634 quaeexsacrario
998 1585 1052 1623 artat
1059 1577 1139 1624 edere?

188 1645 292 1690 mortuus,
304 1636 400 1698 peribit?
677 1638 745 1697 etqui
756 1639 818 1686 altari
829 1639 931 1694 assident.
942 1655 993 1686 cum
1009 1641 1072 1687 altari
1087 1657 1138 1702 par-

221 1705 250 1746 12
268 1698 304 1746 lta
313 1707 386 1748 autem
398 1708 513 1760 peccantes
524 1700 547 1746 in
563 1699 648 1756 fratres,
678 1701 787 1761 ticiparei

187 1771 210 1812 et
222 1765 362 1810 vulacmutes
379 1764 476 1824 ipsorum
491 1764 648 1810 conscientiam
712 1769 741 1810 14
759 1762 795 1811 Ita
811 1765 876 1810 etiam
897 1763 1010 1810 Dominus
1026 1767 1140 1812 constituit

188 1827 302 1881 iuiirrrram,
313 1827 336 1872 irr
349 1825 463 1874 Christum
473 1828 576 1888 wratis.
677 1827 703 1873 iis
714 1828 751 1887 qui
762 1828 902 1888 evsrrgelium
913 1828 1053 1882 annunciant,
1071 1836 1095 1875 ut
1111 1845 1139 1876 ex

221 1895 251 1937 13
268 1891 416 1952 Quapropter,
426 1891 505 1936 iresca
515 1891 567 1936 facit
577 1897 602 1936 ut
613 1891 647 1936 oi·
677 1891 792 1952 evangelio
801 1891 883 1936 vivant.

187 1954 261 2002 semlai
271 1954 338 2000 irater
349 1970 418 2010 meus,
427 1969 472 2000 uon
483 1969 560 2001 vescar
575 1955 648 2000 carni·
711 1959 740 2002 15
758 1954 811 2016 Ego
822 1962 895 2002 umen
907 1953 968 2000 nullo
982 1954 1074 2000 istorum
1090 1971 1139 2002 sum

188 2019 258 2065 busin
269 2026 390 2073 aeteruum,
407 2033 435 2064 ne
446 2018 524 2064 faciam
541 2025 565 2064 ut
581 2019 648 2065 frater
677 2033 737 2064 usus.
771 2017 852 2080 Neque
862 2018 915 2064 vero
923 2019 977 2064 haec
986 2020 1067 2080 scripsi.
1077 2027 1102 2066 ut
1110 2021 1138 2066 its

190 2081 361 2130 meusoffendat.
678 2081 745 2129 fiatin
753 2097 805 2130 me:
824 2099 875 2129 narn
885 2083 967 2130 bonum
979 2092 1012 2129 est
1020 2084 1073 2130 milri
1084 2085 1139 2131 mori

678 2144 758 2207 potiris,
774 2143 840 2206 quiam
857 2153 881 2192 ut
896 2147 1051 2208 gloriationem
1067 2164 1139 2195 nteam

346 2207 420 2257 CAP.
443 2207 489 2256 IX.
678 2212 755 2271 aliquis
766 2208 853 2256 inanem
865 2211 947 2256 reddat.

190 2272 346 2389 ᾫΟΝΝΕ
363 2289 412 2318 sum
429 2271 558 2334 apostolus?
574 2288 649 2320 noune
713 2279 742 2320 16
759 2274 850 2320 Etenim
858 2275 877 2319 si
885 2274 1045 2333 evangelizem,
1054 2290 1098 2321 non
1106 2283 1139 2322 est

192 2315 211 2388 l
264 2337 389 2382 sumliber?
401 2335 559 2383 nonneJesum
570 2335 649 2383 Chris·
678 2333 737 2396 quod
754 2336 854 2400 glorier:
878 2338 996 2382 necessitas
1011 2338 1069 2382 enim
1086 2340 1138 2384 milri

188 2407 233 2446 tum
246 2400 369 2446 Dominum
381 2407 480 2446 nostrum
498 2399 559 2446 vidi?
576 2415 650 2446 nonne
679 2400 801 2455 incumbit;
824 2415 864 2445 vae
881 2407 954 2446 autem
974 2399 1027 2445 mihi
1046 2411 1080 2446 est
1099 2403 1138 2449 nisi

187 2479 242 2526 opus
250 2479 323 2510 meum
335 2479 376 2510 vos
386 2465 440 2510 estis
450 2465 472 2510 in
484 2462 605 2509 Domino?
679 2465 839 2524 evangelizem.

219 2531 234 2572 2
252 2528 275 2574 si
292 2527 339 2574 aliis
357 2542 402 2572 non
420 2542 469 2573 sum
488 2527 607 2588 apostolus,
624 2542 650 2573 ac
713 2530 742 2574 17
760 2527 820 2572 Nam
828 2527 845 2572 si
852 2527 928 2572 volens
935 2527 977 2572 hoc
986 2526 1070 2582 faciam,
1080 2543 1139 2574 mer-

114 2632 116 2636 .
188 2604 245 2636 cene
256 2592 319 2638 vobis
330 2606 396 2646 sum3
413 2605 464 2636 nam
473 2591 569 2650 sigillum
584 2606 649 2651 apos·
679 2591 755 2636 cedem
767 2592 852 2648 habeo;
870 2593 902 2636 sin
919 2591 1008 2647 invitus,
1026 2592 1138 2654 dispensa·

189 2654 268 2700 tolatris
279 2656 322 2700 mei
332 2671 374 2700 vos
385 2655 437 2700 estis
448 2655 471 2700 in
483 2653 590 2700 Domino.
679 2654 710 2700 tio
721 2655 846 2702 creditatest
857 2657 917 2702 milri.

218 2718 307 2764 ³Mea
317 2718 416 2764 defensio
432 2718 490 2779 apud
505 2733 546 2764 eos
560 2718 597 2778 qui
614 2733 650 2764 me
714 2722 742 2763 18
760 2720 824 2773 Quae
845 2721 913 2782 igitur
940 2720 994 2766 mihi
1018 2727 1053 2768 est
1081 2737 1140 2767 mer·

188 2781 305 2840 inquirunt,
317 2782 371 2827 haec
379 2787 420 2826 est.
452 2791 454 2793 ’
678 2781 732 2828 ces?
754 2790 778 2829 ut
794 2799 861 2844 quum
877 2785 1038 2845 evangelizem,
1050 2785 1128 2896 (premi

218 2846 336 2891 4Annon
347 2845 452 2890 habemus
460 2843 585 2892 facultatem
597 2861 648 2891 ves·
678 2853 726 2890 tum
743 2849 873 2894 constituam
891 2847 1030 2908 evangelium
1071 2849 1140 2902 bristi,

188 2908 249 2953 cendi
260 2907 400 2954 cohibendi?
679 2917 704 2954 ut
717 2924 745 2956 ne
759 2911 835 2956 abutar
849 2912 963 2956 emeritus
978 2908 1062 2956 metis
1072 2927 1142 2957 evan·

219 2973 235 3018 5
251 2971 337 3018 Annon
348 2972 456 3017 habemus
468 2970 594 3019 facultatem
610 2987 648 3018 ao-
678 2972 745 3034 gello.

189 3049 260 3080 rorem
272 3050 365 3088 uxorem
381 3035 566 3090 circumducendi,
584 3043 609 3082 ut
626 3042 650 3082 et
713 3039 742 3083 19
760 3035 820 3082 Nam
831 3034 931 3094 quamvis
942 3034 996 3079 liber
1005 3034 1046 3078 sim
1058 3035 1129 3082 abonr

189 3097 265 3158 reliqui
276 3099 376 3159 apostoli,
387 3098 498 3147 etsratres
510 3099 611 3154 Domini,
627 3107 651 3146 et
679 3098 750 3152 nibus,
762 3100 865 3144 omnibus
876 3097 983 3157 meipsum
995 3098 1141 3154 servumfeci¹
1227 3097 1228 3101 ’

188 3159 293 3222 Orphae?
417 3209 419 3212 ,
679 3169 704 3208 ut
715 3161 788 3222 plures
798 3160 956 3207 lucrifacerem.
990 3165 994 3174 ’
1129 3209 1134 3216 ,

220 3230 237 3271 6
252 3224 289 3271 An
301 3225 361 3270 solus
377 3241 420 3286 ego
437 3232 459 3271 et
476 3225 589 3272 Barnabas
605 3241 650 3272 non
712 3229 744 3272 20
760 3225 793 3270 Et
803 3224 874 3270 factus
885 3239 934 3269 surn
951 3222 1042 3272 Judaeis
1058 3231 1083 3269 ut
1099 3224 1140 3272 Ju·

188 3288 291 3334 nubemus
301 3288 428 3336 facultatem
439 3304 485 3334 non
496 3289 618 3350 operandi?
680 3289 754 3342 (laeua,
771 3295 796 3334 ut
812 3288 910 3336 ludaeos
930 3287 1094 3344 lucrifacerem
1116 3290 1142 3336 iis

221 3354 235 3399 'i
253 3352 314 3406 Quis,
332 3353 411 3404 militat
429 3353 522 3413 propriis
539 3353 651 3414 stipendiis
680 3353 718 3412 qui
738 3353 777 3398 suls
793 3352 844 3413 lege
860 3357 918 3405 sunt,
938 3358 963 3396 ut
981 3350 999 3396 si
1017 3366 1086 3398 essem
1103 3355 1142 3400 rub

189 3415 306 3474 anquam?
322 3416 370 3476 quis
381 3416 464 3477 plantat
476 3417 569 3469 vineam,
586 3425 609 3462 et
624 3417 652 3462 de
680 3416 737 3477 lege,
754 3423 780 3462 ut
790 3432 828 3462 eos
839 3431 876 3476 qur
887 3415 927 3460 sub
938 3415 989 3475 lege
1005 3422 1057 3461 sunt
1076 3415 1143 3462 lutri·

189 3475 260 3526 noctu
277 3481 324 3540 eJus
340 3495 385 3526 non
404 3478 468 3526 edit?
484 3486 523 3526 aut
535 3481 584 3539 quis
600 3495 651 3540 pas-
679 3480 790 3526 iacerem:

190 3540 333 3603 ritgregeru,
349 3549 373 3590 st
391 3544 419 3590 da
437 3543 495 3592 tacte
512 3543 588 3604 gregis
607 3557 652 3590 nou
713 3546 742 3588 at
754 3537 992 3602 Exlegibus,utexlex,
1001 3539 1142 3595 (nontamen

190 3603 252 3650 edit?
308 3643 310 3647 .
592 3652 594 3656 ,
680 3606 746 3652 exlex
758 3604 817 3660 Deo,
829 3605 953 3650 sedsublex
961 3602 1139 3668 Christo,)utlu·

221 3671 235 3712 8
253 3667 315 3713 Num
332 3665 453 3723 secundina
464 3667 581 3720 ¹hominem
596 3669 651 3716 haec
681 3669 807 3716 calfacerem
818 3668 916 3730 exleges.

193 3729 256 3774 iit-o?
272 3733 423 3842 nonue'eltrppn
434 3731 470 3778 'ex
481 3733 535 3778 haec
546 3731 618 3778 dicit?
714 3735 745 3778 ‘22
762 3731 844 3778 Factus
852 3731 999 3782 sumintirmis
1007 3735 1141 3784 utiufirmus
