2756 4320
487 423 537 470 AD
556 421 731 479 Romanos,
756 426 830 472 xvi.

176 534 212 576 nx
222 526 305 585 lesse3
322 527 394 588 etqui
406 535 513 589 exsurgat
529 528 557 574 ad
573 528 642 590 impe·
675 525 749 577 vestri
765 529 923 575 consuetudine
944 526 1005 590 priris
1026 544 1055 576 es
1076 545 1137 592 purte

174 592 267 638 nudum
278 593 391 654 gentibus,
403 593 426 638 in
443 593 491 652 ipso
502 599 581 652 gentes
592 609 642 654 spe·
675 593 775 652 expletus
786 592 856 638 fuero.

176 657 260 702 rahnnt.
709 660 738 702 25
757 655 824 702 Nunc
831 663 904 702 antem
913 656 1041 718 proliciscor
1051 655 1133 704 llicro·

211 723 240 764 15
258 718 352 769 Utinam
360 715 414 764 verb
424 718 489 764 Deus
498 719 542 780 spei
554 718 642 780 impleat
676 720 790 779 solymam,
803 721 928 766 ministrans
940 722 1027 766 sanctis.

107 785 109 791 '
177 798 218 828 vos
229 783 290 829 omui
301 783 384 843 gaudio
395 790 418 828 et
429 799 482 842 pace
493 784 608 834 credendo,
619 790 643 828 ut
708 787 739 830 26
762 783 849 830 Placuit
867 785 925 830 enim
948 784 1094 830 Macedoniae
1115 797 1136 833 et

177 862 217 906 spe
233 847 348 892 abundetis
365 863 405 908 per
421 847 525 893 virtutem
549 847 643 908 Spiritus
678 847 774 893 Achaiae
784 847 885 893 conferre
898 848 978 908 aliquid
993 848 1015 893 iu
1032 864 1136 909 pauperes

178 911 261 956 Sancti.
676 919 763 957 sanctos
775 911 811 970 qui
823 918 874 956 sunt
887 911 1057 971 Hierosolymis.

213 977 243 1018 14
260 973 395 1020 Persuasum
406 980 479 1019 autem
491 973 642 1034 habeoetipse
708 977 738 1021 27
752 973 838 1019 Placuit
844 975 903 1019 enim
911 976 949 1028 eis,
959 975 1062 1035 inquam:
1070 983 1092 1021 et
1098 977 1137 1022 rle·

177 1051 222 1098 agn
238 1037 267 1083 de
283 1038 351 1092 vobis,
367 1037 447 1084 fratres
463 1037 513 1090 mei,
524 1038 583 1097 quod
596 1037 643 1098 ipse
675 1038 849 1084 bituresillorum
859 1045 922 1092 sunt;
939 1053 990 1083 nam
997 1039 1013 1083 si
1021 1039 1138 1098 spiritualis

178 1117 218 1162 por
236 1117 278 1147 vos
293 1101 351 1162 pleni
371 1101 419 1146 sitis
437 1101 539 1153 bonitate,
559 1101 643 1162 impleti
677 1101 774 1162 ipsorum
795 1101 852 1146 bona
874 1109 953 1161 gentes
974 1099 1139 1162 participirunt.

180 1165 241 1212 amni
252 1165 385 1226 cognitione,
397 1172 419 1210 st
430 1166 467 1225 qui
477 1163 565 1238 possitis
575 1165 642 1212 etiam
676 1164 756 1210 debent
772 1163 837 1209 etiam
854 1165 917 1222 ipsae
934 1165 956 1210 in
973 1165 1094 1211 carnalibus
1106 1167 1138 1214 eis

182 1243 220 1274 sos
235 1225 309 1274 mutuo
320 1243 418 1274 monere.
677 1229 808 1274 ministrare.
1060 1227 1063 1233 '

215 1293 245 1338 15
264 1287 380 1338 Aadaculb
400 1287 454 1338 verri
476 1291 551 1352 scripsi
572 1291 642 1344 vohis,
710 1295 739 1335 28
758 1289 811 1336 Hoc
822 1290 890 1351 igitur
901 1289 936 1336 ubi
947 1289 1065 1351 perfecero,
1074 1299 1097 1337 et
1108 1292 1138 1340 eit

179 1353 265 1408 tratres,
276 1354 498 1415 aliquatenusveluti
513 1370 642 1400 commone·
676 1355 837 1416 consignavere
861 1356 919 1400 hunc
946 1354 1049 1408 fructum,
1076 1357 1138 1402 abibo

180 1417 263 1464 faciens
274 1434 320 1472 vos,
332 1427 422 1478 propter
431 1419 525 1480 gratiam
536 1434 593 1478 quae
603 1419 642 1464 da-
676 1419 730 1464 istac
741 1420 763 1464 in
777 1418 916 1480 Hispaniam.

181 1487 204 1528 ta
214 1488 249 1528 est
259 1483 310 1527 mihi
322 1497 336 1528 a
346 1482 400 1528 Deo
407 1499 415 1538 ;
709 1486 740 1530 29
758 1482 808 1528 Scio
821 1480 872 1528 verri
883 1497 924 1536 me,
934 1498 1002 1542 quum
1014 1481 1099 1528 veniam
1112 1484 1138 1530 sd

217 1550 246 1591 16
263 1546 300 1592 ad
316 1547 361 1592 hoc
376 1553 400 1592 ut
415 1545 456 1592 sim
473 1545 572 1591 minister
588 1544 643 1592 Jesu
677 1561 723 1598 vos,
736 1562 785 1592 cunr
801 1544 865 1608 plenia
879 1547 1030 1592 benedictione
1040 1563 1137 1608 evange-

168 1619 170 1624 '
182 1607 266 1657 Christi
277 1610 334 1670 apud
344 1618 535 1670 gentesopersns
545 1623 643 1670 evange·
677 1609 699 1655 lii
712 1609 793 1656 Christi
806 1621 930 1657 venturum.
995 1619 998 1626 ’

181 1672 211 1718 lio
224 1673 276 1728 Dei,
288 1681 313 1719 ut
323 1674 403 1718 oblatio
411 1673 512 1734 gentium
519 1671 557 1718 liat
565 1689 642 1734 accep·
708 1678 741 1720 50
758 1673 840 1720 Precor
851 1682 924 1719 autem
940 1690 987 1727 vos!
1004 1673 1089 1727 fratres,
1101 1689 1138 1734 per

182 1743 211 1792 ta,
234 1737 368 1783 sanctificata
386 1753 426 1798 per
449 1737 554 1798 Spiritum
573 1737 642 1782 Sanc·
678 1736 912 1782 Dominumnostrum
927 1736 1005 1784 Jesum
1019 1736 1139 1787 Christum.

183 1810 237 1846 tum.
676 1811 699 1845 et
710 1816 748 1860 pcr
759 1801 885 1844 charitatem
899 1800 999 1859 Spiriths,
1010 1807 1036 1843 ut
1046 1815 1139 1850 mecum.

216 1866 245 1910 17
264 1863 342 1910 Habeo
353 1863 421 1924 igitur
438 1863 496 1924 quod
508 1863 590 1924 glorier
606 1879 645 1923 per
677 1865 765 1908 certetis
781 1865 859 1908 cestris
876 1878 915 1922 pro
933 1877 969 1907 me
987 1863 1045 1922 apud
1063 1862 1138 1910 Deum

184 1925 297 1974 Christum
310 1927 425 1978 Jesumin
433 1927 520 1987 iisquae
528 1928 556 1974 ad
569 1927 644 1972 Deum
676 1927 795 1988 precihus;

186 1993 308 2050 pertinent.
709 1994 738 2036 31
759 1989 792 2036 Ut
811 1990 889 2035 liberer
907 1989 934 2035 ab
951 1989 977 2034 iis
994 1988 1030 2048 qui
1049 1989 1138 2035 rebelles

216 2059 245 2100 18
263 2054 317 2100 Non
338 2055 398 2100 enim
421 2055 560 2100 sustinuerim
583 2054 644 2114 quic·
678 2061 729 2100 sunt
753 2054 776 2100 in
795 2051 886 2106 Judsea,
909 2060 974 2112 atque
992 2053 1137 2098 ministerium

182 2133 248 2178 quam
258 2117 318 2178 loqui
329 2119 389 2179 quod
400 2133 445 2163 non
458 2118 554 2163 effecerit
567 2117 644 2165 Chris·
678 2119 719 2163 hoc
739 2133 812 2163 meum
831 2133 885 2178 erga
902 2116 1044 2163 Hierusalem
1060 2132 1136 2180 accep-

183 2188 219 2226 tus
230 2198 268 2242 per
279 2197 321 2235 me,
333 2183 474 2227 adducendis
485 2182 517 2240 ad,
524 2181 644 2227 obedienti·
677 2188 724 2226 tum
736 2182 764 2226 sit
775 2182 871 2226 sanctis:

184 2260 218 2290 am
229 2246 338 2306 gentihus,
351 2245 423 2291 verbis
433 2253 456 2291 et
466 2245 536 2292 factis.
709 2249 741 2290 52
759 2245 793 2290 Ut
803 2259 854 2289 cum
870 2245 951 2304 gaudio
962 2244 1049 2290 veniam
1061 2243 1139 2290 advos

218 2312 246 2356 19
264 2307 353 2354 Virtute
365 2309 480 2369 signorum
496 2324 521 2355 ac
532 2307 645 2370 prodigio·
677 2323 717 2368 per
732 2308 868 2353 voluntatem
890 2307 941 2360 Dei,
962 2305 1048 2366 unaque
1067 2307 1139 2352 vobis·

184 2389 238 2425 rurn,
250 2369 506 2432 sirtutelspiritrlsDeir
526 2369 647 2418 sdeciutsb
677 2386 727 2416 cum
738 2370 852 2416 refocillet.

187 2436 325 2482 Hierusalem
343 2444 366 2482 et
385 2436 587 2496 circumjacentibus
608 2451 645 2481 re·
709 2439 742 2480 53
759 2433 824 2480 Deus
834 2441 908 2478 autem
919 2432 977 2492 pacis
988 2440 1018 2478 stt
1028 2447 1078 2477 cum
1091 2448 1128 2478 om

184 2501 293 2560 gionr'bua
306 2515 375 2559 usque
389 2501 416 2546 ad
434 2497 555 2559 illyricum,
567 2499 645 2559 imple·
678 2499 741 2544 nibus
751 2498 821 2544 vobis.
855 2500 936 2542 Amen.

185 2565 253 2610 verim
275 2563 412 2624 praedicandi
431 2563 540 2624 evangelii
563 2561 645 2609 Christi

185 2641 271 2672 munus.
823 2621 897 2672 CAP.
920 2621 991 2669 XVI.

217 2695 249 2736 20
265 2687 521 2754 ltalporrbcontenrlens
532 2689 646 2750 evangeli·
733 2685 1140 2734 OMMENDOautemvobisPhoe-

185 2769 244 2809 aare,
256 2769 301 2800 non
313 2755 348 2799 ubi
360 2754 486 2798 nominatus
496 2761 554 2798 esset
568 2752 646 2800 Chris·
763 2753 805 2799 ben
814 2767 912 2798 sororem
926 2760 1030 2804 nostram,
1042 2760 1141 2811 quaeest
1214 2803 1218 2809 ,

185 2825 227 2872 tus,
239 2825 264 2863 nt
279 2833 308 2863 ne
325 2833 390 2878 super
406 2817 500 2862 alienum
515 2817 647 2863 fundamen·
680 2817 779 2862 ministra
789 2817 893 2862 ecclesiae
906 2815 1067 2864 Cenchreiinsis
1075 2833 1083 2872 ;

186 2891 232 2928 tum
244 2880 395 2927 aedificarem:
712 2883 727 2925 2
746 2879 779 2926 Ut
797 2896 846 2926 cam
870 2880 983 2940 excipiatis
999 2879 1022 2924 in
1042 2878 1142 2924 Domino

219 2949 246 2989 21
268 2944 547 3004 Sedsicutscriptumest,
561 2943 647 2996 Quibus
680 2943 736 2989 sicut
747 2944 838 3003 dignum
855 2951 889 2988 est
906 2942 993 2994 sanctis,
1005 2948 1028 2986 et
1038 2942 1112 2986 adsitis
1123 2943 1142 2987 ei

186 3023 231 3054 non
252 3015 287 3053 est
307 3007 463 3053 annunciatum
483 3007 510 3052 de
530 3022 563 3060 eo,
585 3008 636 3052 vide
680 3004 842 3066 quicunquein
855 3021 878 3049 re
893 3006 939 3063 ipsi
953 3018 1005 3048 usus
1020 3002 1086 3047 fuerit
1102 3020 1142 3048 vo·

186 3071 257 3127 bunt;
273 3079 297 3117 et
312 3071 348 3131 qui
368 3085 414 3116 non
430 3071 552 3125 audierunt,
567 3068 646 3116 intelli·
680 3071 729 3114 his:
749 3084 799 3114 narn
811 3069 864 3112 haec
875 3075 923 3111 tum
938 3065 1014 3110 multis
1024 3067 1142 3125 hospitium

188 3147 250 3196 gent.
424 3169 430 3184 .
681 3132 785 3193 praebuit,
798 3137 844 3175 tum
856 3130 909 3174 mihi
920 3129 986 3174 etiam
999 3128 1048 3187 ipsi.

219 3201 251 3242 22
278 3197 419 3259 Quapropter
442 3197 508 3243 etiam
533 3196 649 3257 impeditus
713 3194 843 3240 SSalutate
862 3191 983 3238 Priscillam
996 3199 1018 3236 et
1031 3190 1142 3249 Aquilam,

188 3277 236 3307 sum
248 3276 313 3321 saepe
323 3277 352 3306 ne
362 3260 460 3306 venirem
471 3261 499 3304 ad
510 3275 558 3305 vos.
681 3259 792 3320 adjutores
804 3271 865 3304 meos
876 3255 899 3301 in
912 3254 1002 3302 Christo
1013 3253 1082 3300 Jesu:

220 3329 252 3370 25
268 3324 337 3371 Nunc
348 3321 407 3377 verri,
419 3337 486 3384 quum
500 3338 546 3368 uon
557 3319 650 3384 amplius
716 3326 733 3367 4
750 3320 858 3382 (Quipro
869 3316 942 3365 anima
952 3315 1071 3362 marianam
1083 3317 1138 3378 ipso·

189 3389 278 3434 lateam
290 3387 363 3432 locum
377 3389 399 3432 in
416 3388 450 3432 his
467 3387 598 3447 regionibus,
611 3387 649 3431 de·
682 3401 731 3431 nrm
747 3385 855 3430 cervicem
871 3387 1047 3444 supposuerunt:
1066 3383 1142 3440 quihus

191 3452 292 3496 siderium
313 3458 387 3496 autem
414 3450 534 3496 maximum
560 3450 649 3496 habeam
683 3463 783 3508 nonego
795 3448 854 3492 solus
868 3447 951 3508 gratias
967 3459 1017 3504 ago,
1029 3444 1142 3492 sedetiam

192 3515 290 3561 seniendi
302 3514 327 3560 srl
341 3530 380 3559 vos
391 3511 489 3559 amultis
500 3513 578 3558 annis:
685 3528 762 3557 omnes
773 3510 878 3556 ecclesiae
889 3505 1010 3569 gentium.)

221 3582 253 3623 24
269 3577 366 3631 Quando
381 3577 507 3638 proficiscar
524 3578 548 3622 in
566 3575 650 3636 Hispa·
715 3578 731 3620 5
749 3571 806 3619 Item
828 3573 941 3619 ecclesiam
963 3585 1018 3629 quac
1035 3570 1058 3616 in
1078 3571 1143 3618 domo

191 3642 255 3696 aiam,
277 3642 365 3686 veniam
381 3641 409 3687 ad
425 3645 486 3686 'voss
512 3655 576 3700 spero
592 3641 650 3686 enim
683 3653 760 3684 eornm
771 3644 813 3682 est.
847 3636 944 3682 Salutate
953 3633 1142 3695 Epaenetumrni·

191 3705 340 3751 breutistac
356 3705 489 3766 praeteriens
505 3704 649 3756 videamvos,
683 3702 706 3747 hi
733 3701 842 3754 dilectum,
867 3699 972 3760 primitias
1001 3698 1097 3746 Achaiae
1122 3699 1142 3744 ‘ur

187 3775 214 3817 *st
231 3783 245 3814 a
262 3768 325 3814 vobis
344 3768 439 3814 deducar
456 3765 524 3822 ilhlc;
541 3767 559 3812 si
578 3773 651 3812 taurea
686 3763 783 3812 Christo.
1026 3765 1029 3773 ‘
