2720 4312
555 424 659 478 mum
683 396 851 474 cursu-orn

227 541 260 578 est
280 531 418 578 assumor
444 531 602 592 scriptumest
623 530 690 583 enim,
753 531 783 575 27
800 528 861 576 Nsm
878 530 1003 592 quicunque
1021 531 1044 578 in
1067 529 1180 580 Christum

228 594 374 642 Exsccmbilis
395 603 428 642 cst
446 595 544 656 quisquis
565 595 646 656 pendet
667 595 689 639 in
721 593 826 653 baptizati
845 594 923 650 fuistis,
943 593 1034 643 Christo
1054 595 1127 644 fuistis
1148 601 1180 644 iu·

226 661 240 704 ii
259 674 304 705 no:
475 699 477 705 ,
721 657 766 704 ohti

225 675 290 767 agli
308 721 341 768 Ut
348 722 370 768 in
376 722 478 782 gentibus
484 721 607 768 benedictio
617 720 690 766 Abra·
753 724 784 766 28
801 719 856 766 Non
867 729 901 766 est
911 720 1010 768 iudaeus
1027 733 1098 784 neque
1110 723 1181 771 Grae·

227 786 284 834 humi
296 793 368 832 exstet
378 801 401 830 m
410 783 500 832 Christo
508 783 570 839 Jesu,
578 793 598 831 et
605 794 630 831 ut
638 801 690 846 pro-
722 798 766 838 cus.
784 793 874 831 nonest
886 799 1046 846 sermoneque
1059 788 1119 842 liber,
1136 803 1181 834 nou

227 851 318 896 missum
335 849 396 896 illum
417 849 523 912 Spiritum
542 851 692 910 acciperemus
720 854 756 894 est
779 848 889 894 masculus
911 865 937 896 sc
964 850 1075 898 foemina:
1106 867 1184 898 omnes

227 927 266 979 per
276 913 350 959 iidem.
721 912 780 958 enim
791 927 833 958 vos
845 926 902 958 unus
912 914 965 959 estis
977 915 999 960 in
1012 913 1101 962 Christo
1113 914 1177 963 Jesu.

262 979 291 1024 15
309 975 405 1032 Fratres,
420 977 517 1023 humano
528 987 590 1022 more
605 973 691 1036 loquor,
754 979 785 1022 29
801 973 869 1029 Quid
878 976 895 1022 si
903 993 944 1022 vos
950 980 1002 1024 cotis
1011 977 1100 1032 Christi,
1107 990 1185 1042 nempe

231 1038 359 1090 Psctionem
379 1050 447 1087 rotam
464 1041 551 1095 iactam,
574 1041 691 1086 homonum
723 1037 843 1085 Abrohomi
861 1055 935 1095 semen
952 1043 1011 1096 estio,
1028 1049 1050 1088 et
1065 1039 1185 1090 mundt-

230 1105 286 1159 icet,
304 1104 378 1152 nuilus
394 1107 492 1166 abrogat,
511 1112 550 1153 sut
565 1104 655 1164 aliquid
671 1103 694 1148 ei
722 1103 890 1163 promissionem
901 1105 1011 1152 hierodes.

233 1183 255 1216 su
285 1169 362 1214 mddit.

256 1183 293 1278 pce
310 1228 692 1292 Abruirumorerddictseruntpro·
886 1228 959 1278 CAP.
983 1229 1038 1278 1v.*

232 1296 353 1350 missiones,
365 1303 388 1342 et
399 1296 475 1342 semini
485 1297 539 1356 ejus.
568 1294 622 1340 Non
633 1293 692 1347 dicit,
745 1294 837 1340 γ1061
843 1301 916 1340 sutem
932 1295 987 1350 dico,
1006 1296 1118 1350 Quamdiu
1132 1297 1186 1345 ln»

233 1359 264 1406 Et
285 1360 410 1412 seminibus,
436 1366 461 1404 ut
482 1360 509 1404 de
535 1358 627 1412 multisr
655 1357 694 1404 sed
729 1323 782 1396 Π
816 1373 852 1404 res
868 1359 940 1404 inians
954 1367 994 1414 est,
1014 1360 1068 1406 nihil
1086 1360 1186 1409 differto

231 1429 256 1468 ut
272 1423 300 1468 de
316 1437 367 1477 uno,
386 1421 417 1468 Et
434 1422 511 1468 semini
528 1429 584 1479 tuo;
604 1421 640 1482 qui
660 1428 694 1467 est
724 1434 796 1474 servo,
817 1423 918 1482 quumvis
940 1423 969 1469 sit
990 1424 1092 1470 dominus
1113 1424 1186 1471 omni·

231 1484 342 1533 Christus.
724 1497 778 1530 um:

264 1553 292 1595 17
310 1547 693 1608 Hocuutemdico,Puctionempri-
757 1551 772 1592 2
789 1547 834 1594 Sed
845 1549 885 1594 sub
893 1551 1001 1596 tutoribus
1012 1558 1035 1596 et
1051 1551 1187 1598 curatoribus

229 1628 290 1658 orem
301 1618 370 1658 raram
382 1611 462 1658 fuctum
473 1628 487 1659 u
499 1613 557 1665 Deo.
575 1612 693 1673 respicien-
724 1619 765 1665 est,
777 1613 882 1672 usquead
891 1615 1044 1674 tempusquod
1053 1623 1114 1676 puter
1123 1631 1187 1676 prse-

231 1685 275 1722 tem
282 1676 305 1722 in
318 1674 439 1729 Christum,
452 1676 487 1722 lex
499 1691 555 1736 quse
565 1684 615 1736 post
623 1691 694 1721 annos
724 1674 811 1721 finierit.

230 1741 404 1801 quadringentos
420 1748 442 1786 et
459 1741 550 1802 triginta
560 1740 638 1800 coepit,
648 1753 693 1784 nou
756 1743 773 1784 3
790 1737 826 1784 itu
836 1747 859 1784 et
870 1755 917 1794 nos,
929 1755 997 1800 quum
1006 1757 1105 1787 essemus
1113 1741 1186 1788 infun·

231 1805 284 1850 iacit
299 1805 390 1859 irritam,
409 1811 435 1850 ut
450 1819 530 1851 vanam
547 1804 622 1850 reddat
641 1819 693 1864 pro·
724 1803 823 1865 tes-sub
833 1803 947 1849 elementis
964 1806 1040 1850 mundi
1056 1821 1143 1852 eramus
1162 1807 1186 1852 iu

231 1868 367 1914 missionem.
725 1865 853 1912 servitutem
866 1867 962 1914 redacti:

266 1936 295 1977 18
313 1931 374 1978 Nom
385 1931 402 1978 si
415 1947 442 1978 cx
454 1931 505 1993 iege
515 1939 549 1978 est
565 1930 693 1984 haereditus,
758 1934 774 1975 4
790 1931 823 1976 At
833 1938 949 1991 postquam
961 1931 1022 1977 uenit
1032 1933 1121 1994 pienum
1131 1939 1188 1978 tem-

232 2011 276 2042 non
283 1998 332 2057 jam
348 2004 380 2042 est
398 2010 426 2041 ex
441 1997 601 2056 promissione:
620 1995 693 2040 Abra·
725 2009 774 2054 pus,
785 1995 858 2039 emisit
870 1994 934 2040 Deus
947 1993 1027 2041 Filium
1035 2011 1099 2042 suum
1106 1997 1188 2044 factum

232 2061 298 2104 hamo
309 2057 362 2104 verri
371 2075 410 2120 per
426 2059 594 2119 promissionem
608 2057 694 2120 gratifi·
724 2071 753 2103 ex
763 2058 861 2112 muliere,
873 2056 954 2104 iactum
966 2059 1010 2120 iegi
1021 2061 1157 2121 sthectum5

231 2129 294 2167 cutus
305 2129 338 2167 est
351 2119 594 2168 Dcushaereditrrtem.
758 2125 773 2167 5
793 2121 825 2166 Ut
842 2137 883 2166 nos
899 2123 936 2182 qui
954 2123 998 2183 iegi
1017 2131 1080 2170 erant
1098 2123 1188 2186 subjecti

266 2188 296 2232 19
312 2184 373 2239 Quid
382 2185 507 2246 igiturlex?
524 2185 694 2246 Transgressio-
726 2185 849 2239 redimeret,
872 2193 896 2230 ut
917 2187 1057 2248 adoptionem
1078 2188 1188 2248 occipere·

231 2265 286 2296 num
297 2247 369 2310 gratiis
380 2249 453 2295 addita
468 2257 508 2304 est,
526 2246 639 2310 usquequri
655 2263 695 2295 re·
726 2263 782 2294 mus.

233 2315 302 2359 uisset
312 2329 388 2359 semen
399 2314 453 2359 illud
468 2314 503 2359 cui
519 2313 577 2360 iacta
591 2319 625 2359 est
644 2328 695 2374 pro-
759 2317 775 2358 6
792 2311 905 2365 Quoniam
916 2319 989 2358 sutem
1000 2312 1053 2359 estis
1064 2313 1109 2368 iiiii,
1117 2315 1189 2360 emisit

234 2378 326 2433 missio;
343 2379 696 2438 [euinquamordinatsperan-
728 2375 793 2422 Deus
816 2376 921 2436 Spiritum
945 2375 995 2422 Fuit
1020 2378 1053 2423 sui
1075 2378 1098 2424 in
1123 2379 1189 2424 cordo

232 2441 302 2502 gelos,
311 2457 351 2502 per
361 2457 451 2487 manum
463 2441 601 2487 internuncii.
727 2446 807 2494 restra,
818 2439 957 2495 clamantem,
968 2441 1040 2496 Abba,
1051 2443 1077 2488 id
1087 2449 1126 2496 est,
1145 2441 1189 2488 Pa-

265 2508 297 2550 20
315 2503 470 2551 internuncius
481 2513 553 2552 nutem
571 2506 635 2550 unius
651 2519 696 2550 nou
728 2511 769 2550 ter.

232 2577 280 2624 est;
299 2567 363 2613 Deus
375 2566 427 2613 uerri
439 2583 496 2614 unus
507 2579 547 2614 est.
761 2571 775 2614 7
793 2565 872 2627 Itaque
888 2582 933 2612 nou
951 2564 1044 2630 umplids
1063 2584 1087 2615 es
1105 2583 1189 2622 servus,

267 2634 295 2675 21
315 2631 382 2676 Num
404 2632 471 2691 igitur
481 2633 516 2678 lec
526 2633 606 2678 addita
615 2641 648 2678 est
658 2631 696 2678 sd·
728 2632 766 2677 sed
775 2632 832 2676 iilius
842 2647 848 2676 r
867 2627 953 2690 quidsi
964 2632 1029 2687 filius,
1038 2634 1104 2678 etiam
1113 2635 1189 2680 haeres

236 2691 311 2739 versus
318 2693 473 2752 promissiones
481 2695 544 2741 Dei?
555 2695 631 2741 Absit:
646 2711 697 2741 nam
729 2695 775 2742 Dei
786 2711 825 2757 per
837 2693 959 2742 Christum.

236 2758 253 2802 si
265 2757 316 2802 datu
326 2757 403 2802 iuissct
413 2758 449 2802 lex
460 2773 516 2817 quae
532 2766 607 2818 posset
624 2759 697 2805 vivifi·
761 2755 843 2805 Sirmi
870 2765 918 2804 tum
945 2757 1034 2819 quidem
1061 2760 1190 2821 ignoranter

234 2835 290 2873 care,
303 2816 356 2866 veri
367 2835 395 2866 ex
406 2820 456 2881 lege
466 2822 620 2882 essetjustitis
729 2823 812 2876 Deum,
821 2823 947 2869 serviebatis
958 2825 984 2869 iis
995 2825 1032 2886 qui
1049 2822 1128 2870 natust
1144 2839 1189 2870 uos

268 2887 300 2928 22
323 2884 368 2930 Sed
394 2884 502 2930 conclusit
520 2886 557 2931 iila
585 2886 698 2948 Scriptum
727 2896 779 2934 sunt
787 2888 823 2934 dii.

234 2948 310 2994 omnia
331 2948 372 2994 suh
392 2957 512 3009 peccatum,
535 2957 560 2995 ut
580 2951 697 3010 promissio
759 2957 774 2998 9
791 2951 897 3005 rituum,
909 2967 976 3012 quum
988 2951 1128 3014 cognoscatis
1140 2951 1189 2998 De·

235 3027 263 3058 ex
274 3012 318 3059 iide
328 3013 382 3062 Jesu
394 3010 479 3060 Christi
488 3014 576 3060 duretur
586 3015 696 3060 credenti·
727 3030 772 3069 um,
789 3013 834 3061 itud
845 3014 918 3077 potiris
934 3016 1017 3077 cogniti
1034 3017 1081 3062 sitis
1097 3031 1111 3062 a
1131 3015 1190 3064 Deo.

234 3077 282 3124 itus.
728 3079 839 3139 quomodo
860 3081 989 3126 convertitis
1010 3097 1047 3127 vos
1069 3087 1190 3126 retrorsum

268 3145 300 3188 2³
316 3141 696 3201 Antequamautemvenissetiides,
726 3143 754 3188 sd
773 3142 901 3190 inhnnuet
917 3159 989 3204 egens
1004 3145 1119 3198 elemento,
1141 3145 1191 3204 qui-

235 3205 276 3252 sub
292 3204 347 3266 legis
362 3206 471 3262 praesidio
488 3207 621 3259 tenebamur,
641 3221 696 3250 con·
726 3206 767 3251 bus
778 3207 805 3252 sd
816 3209 928 3268 superium
939 3209 1032 3269 regressi
1044 3209 1126 3254 servire
1142 3207 1192 3256 rui-

235 3267 291 3314 clusi
310 3269 391 3318 iriam
412 3277 478 3318 fldem
499 3287 553 3327 quse
571 3277 619 3316 erat
638 3281 695 3316 rere-
728 3269 776 3314 tis?

234 3331 314 3393 pondu.
763 3337 792 3379 10
809 3333 866 3380 Dies
878 3335 1007 3390 observatis,
1024 3341 1046 3382 rt
1057 3349 1150 3389 mensos
1169 3342 1190 3382 st

267 3398 299 3440 24
316 3393 393 3455 Itaque
412 3403 448 3440 lcx
464 3396 606 3456 paedagogus
622 3403 698 3442 noster
729 3406 833 3459 tempora,
845 3407 868 3446 et
879 3413 956 3446 annos.

235 3455 308 3505 isirin
322 3457 435 3506 Christum
447 3461 574 3518 respiciens.
588 3471 609 3506 rt
619 3475 647 3504 ex
655 3459 697 3506 fide
764 3465 789 3506 ll
809 3461 890 3508 Metuo
901 3463 928 3508 de
940 3462 1008 3516 vobis,
1020 3478 1049 3510 ne
1059 3458 1138 3510 frustri
1158 3461 1190 3510 iit·

235 3521 410 3582 ‚nsrifiouremun
729 3526 811 3587 rigatus
822 3528 863 3571 sim
875 3527 932 3587 apud
944 3542 991 3572 vos.

268 3588 298 3631 25
315 3585 348 3630 Ar
364 3593 479 3646 postquam
495 3585 556 3632 renit
572 3585 632 3642 fides,
651 3603 695 3633 non
763 3593 791 3634 12
810 3589 890 3636 Estote
900 3590 962 3650 qussi
974 3606 1033 3652 ego3
1050 3605 1102 3636 nam
1113 3599 1136 3635 ct
1147 3605 1189 3650 ego

236 3645 328 3708 smplids
339 3650 378 3693 sub
389 3650 518 3710 pncdugogo
530 3663 612 3696 sumus.
727 3668 777 3698 mm
784 3654 846 3713 quusi
855 3669 912 3709 vos;
929 3653 1014 3708 horres,
1023 3670 1079 3716 rogo
1087 3669 1141 3700 vos:
1155 3654 1187 3700 ni·

267 3715 299 3756 26
315 3709 400 3756 Omnes
411 3712 470 3756 eninr
482 3713 518 3756 iiiii
533 3711 576 3758 Dei
587 3713 647 3766 estis,
659 3729 698 3775 per
727 3717 758 3762 hii
770 3717 821 3760 mihi
833 3716 915 3762 fecistis
926 3717 1024 3776 iujuriae.

237 3769 508 3883 idemiuchnstpliesu.
763 3782 791 3824 13
809 3778 970 3826 Nristiscutcm
990 3796 1027 3827 me
1042 3795 1081 3826 ner
1097 3780 1179 3826 infirmi
