2720 4312
552 397 660 448 PAULI
680 399 850 450 EPISTOLA

220 510 364 574 'guorantiaru
376 513 476 569 quaeest
487 508 510 553 ln
521 505 581 567 ipris,
593 522 632 569 per
643 506 683 553 ob·
717 506 820 555 Christus
836 508 913 555 dilexit
930 524 979 565 nos,
996 515 1020 557 et
1038 510 1129 558 tradidit
1146 525 1178 559 ao

219 576 355 624 durationem
366 574 438 620 cordis
450 573 562 634 ipsorumr
715 573 833 634 metipsum
852 589 893 634 pro
915 575 978 620 nobis
1000 575 1135 622 oblationem
1157 589 1180 624 at

252 643 282 687 19
299 639 344 692 Qui
367 645 509 700 posteaquam
528 634 683 688 devolvemnt,
716 637 828 683 victimam
841 636 900 692 Deo,
912 637 935 683 in
947 638 1038 685 odorem
1054 641 1180 688 bonaefra·

220 719 266 753 aene
282 703 411 750 dediderunt
427 699 552 761 proterviae
567 699 595 747 ad
611 706 683 745 certa·
716 701 824 763 grantiae.

219 769 257 816 tim
269 767 397 830 patrandam
409 765 557 828 impuritatem
569 777 667 811 ornnem.
748 769 765 811 5
782 765 892 812 Scortatio
904 763 995 820 serdot
1007 767 1079 814 omnis
1090 767 1180 829 impuri·

250 837 283 878 20
299 830 349 878 Vos
367 838 442 877 autem
461 844 506 876 uon
526 829 558 876 ita
578 827 685 874 didicistis
716 835 804 883 tanaut
814 831 911 884 avaritia,
921 846 949 876 ne
958 831 1085 878 nominator
1093 829 1182 893 quidda

219 894 335 946 curiatum
345 912 353 954 3
717 894 775 940 inter
785 909 833 948 ros,
845 894 903 940 sicut
913 895 977 941 decet
988 904 1093 944 sanctos:

250 965 279 1007 21
299 961 323 1008 st
335 955 403 1008 modd
414 956 685 1017 deeoaodtvisttcetper
749 961 766 1003 4
782 957 815 1005 Et
826 959 970 1014 obscoenitas,
981 966 1004 1006 ει
1015 960 1186 1022 stultiloquium,

218 1041 269 1074 curn
280 1025 353 1072 etlocti
364 1025 424 1079 estis,
441 1025 498 1070 sicut
512 1030 547 1069 cst
563 1021 644 1068 veritas
661 1019 684 1065 in
717 1028 741 1069 et
756 1022 884 1078 scurrilitas,
901 1038 958 1083 quae
972 1039 1018 1070 uon
1033 1025 1185 1082 conveniunt,

219 1089 292 1147 Jeru3
718 1085 757 1134 ned
768 1083 842 1148 polida
852 1088 973 1150 gratiarum
985 1089 1051 1134 actio.

251 1157 283 1204 22
300 1152 428 1215 Deponere
448 1151 507 1213 quod
525 1151 552 1198 sd
571 1149 685 1212 pn‘rtinam
750 1153 766 1198 5
784 1151 845 1198 Nam
864 1152 907 1211 boc
922 1149 999 1206 ndstis,
1019 1152 1105 1199 nullum
1123 1167 1186 1200 scor-

218 1219 410 1267 oonrersationcrn
431 1217 516 1270 attinet,
538 1223 636 1262 voterem
658 1213 686 1258 il·
718 1221 820 1270 tatonem,
836 1222 876 1263 aut
896 1216 1014 1278 impurum,
1031 1225 1069 1264 aut
1085 1232 1186 1270 ararum,

218 1283 264 1332 lum
279 1284 400 1337 bominem,
416 1282 454 1343 qui
471 1279 628 1328 seductricibus
645 1293 686 1324 cu·
718 1280 756 1342 qui
775 1287 810 1327 est
829 1280 950 1334 idololatra,
967 1279 1047 1327 babere
1063 1281 1186 1329 baeredita-

219 1347 344 1410 plditatibus
355 1347 519 1408 corrumpitur3
718 1351 763 1391 tem
775 1344 798 1390 in
810 1360 881 1407 regno
893 1344 977 1393 Christi
987 1351 1011 1391 ct
1023 1345 1075 1392 Dei.

251 1417 283 1458 25
301 1411 415 1458 Βειιονιὴ
438 1407 491 1457 rerd
508 1407 585 1470 spiritu
605 1406 686 1453 mentis
751 1414 766 1456 6
784 1408 859 1456 Nemo
870 1425 912 1456 vos
922 1409 1012 1456 seducat
1023 1409 1123 1456 inanimo
1138 1425 1185 1456 rer·

219 1483 322 1532 vestroe,
718 1474 833 1522 monibus:
853 1482 943 1535 propter
952 1473 1007 1520 baec
1018 1475 1079 1520 veuit
1089 1476 1123 1521 ira
1140 1473 1187 1520 Det

251 1544 282 1586 24
300 1539 333 1586 Et
343 1537 434 1584 induere
445 1552 529 1582 novum
541 1536 603 1582 illum
611 1534 685 1581 homi-
718 1537 742 1584 in
752 1538 854 1584 homines
865 1547 1014 1584 contumaces.
1091 1534 1093 1537 ’

219 1620 277 1660 nem,
291 1603 329 1664 qui
346 1599 468 1649 seonnddm
488 1599 565 1648 Deu‘m
583 1600 686 1646 conditus
751 1605 766 1650 7
784 1601 822 1650 Ne
844 1603 912 1666 igitur
928 1611 999 1650 estote
1015 1614 1130 1649 consortes
1147 1619 1187 1649 eo·

219 1677 253 1716 eat
264 1668 292 1716 ad
298 1668 407 1732 justitiam
419 1673 442 1713 ει
459 1665 627 1714 sanctimoniam
644 1681 685 1712 ve·
719 1682 782 1713 rumr

219 1746 275 1781 ram.
751 1735 766 1777 8
784 1729 860 1777 Eratis
870 1731 929 1777 enim
941 1730 993 1776 olim
1006 1731 1115 1785 tenebrae,
1127 1745 1189 1778 nunc

252 1801 283 1846 25
301 1797 443 1859 Quapropter
454 1795 554 1858 deposito
562 1793 685 1849 mendacio,
718 1803 792 1842 autern
809 1795 849 1842 lux
864 1795 888 1843 in
905 1795 1021 1842 Domino:
1040 1802 1065 1841 ut
1075 1795 1114 1841 filii
1131 1795 1188 1842 lucis

219 1863 334 1925 loquimini
356 1862 472 1909 veritatem
494 1861 587 1920 quisque
615 1874 684 1920 prox·
718 1859 827 1915 incedite;

219 1929 265 1976 imo
287 1943 342 1985 ruo;
364 1942 416 1974 uam
439 1941 515 1972 snmus
536 1925 572 1972 alil
591 1921 698 1970 aliorum·
751 1923 954 1986 9(Nsmfruclus
971 1923 1065 1986 Spirltbs
1081 1925 1140 1971 ritus
1156 1933 1188 1971 est

220 1993 327 2039 membra.
718 1987 741 2034 in
752 1989 813 2034 omui
824 1989 928 2044 bonitate,
943 1997 966 2035 et
977 1986 1071 2052 justitii,
1088 1996 1111 2035 et
1128 1989 1188 2035 veri-

252 2060 284 2102 26
302 2054 433 2109 Irascimini,
445 2061 467 2099 ει
484 2068 513 2099 ne
530 2057 633 2113 peccate3
651 2051 686 2097 sol
718 2050 790 2112 tate;)

219 2136 248 2169 ue
263 2119 348 2166 occidat
366 2133 432 2179 super
447 2117 616 2164 exacerbatione
632 2131 684 2162 res·
720 2121 784 2228 D10
809 2114 932 2164 Probantes
954 2117 1006 2179 quid
1028 2117 1055 2164 sit
1072 2123 1188 2179 accepturu

220 2182 266 2234 tni:
746 2181 828 2228 omino.

252 2252 283 2297 27
300 2247 382 2309 Neque
392 2246 443 2294 date
453 2245 528 2293 locum
539 2243 632 2291 diabolo.
754 2249 780 2291 ll
801 2245 833 2292 Et
844 2262 873 2292 ne
881 2246 1038 2296 commercium
1049 2245 1127 2292 habete
1135 2260 1188 2291 cum

252 2319 284 2362 28
301 2313 347 2368 Qui
358 2311 477 2367 furabatur,
489 2327 534 2358 non
546 2307 640 2372 ampliirs
651 2308 687 2355 lu·
719 2311 822 2372 operibus
832 2311 875 2356 illis
891 2311 1028 2373 infrugiferls
1039 2311 1189 2358 tenebrarum.

220 2386 296 2435 retur3
316 2377 355 2426 ned
373 2375 448 2439 polide
466 2377 557 2430 laboret,
575 2375 687 2436 operando
719 2375 758 2422 sed
769 2372 844 2437 polida
854 2375 921 2422 etiam
932 2375 1026 2438 arguite.

220 2444 321 2491 manibus
339 2443 400 2504 quod
415 2442 499 2488 bonum
519 2441 554 2495 sit,
573 2447 598 2485 ut
618 2440 688 2502 possit
754 2443 784 2485 12
801 2438 930 2500 Namquae
944 2436 1031 2486 occulte
1046 2437 1102 2485 liunt
1117 2439 1144 2484 ab
1156 2438 1188 2484 is·

220 2507 326 2570 impertiri
337 2509 373 2553 cui
384 2521 441 2566 opus
451 2505 525 2552 suerit.
721 2504 756 2559 tis,
768 2510 832 2565 turpe
843 2512 878 2550 est
888 2504 925 2550 vel
932 2505 1012 2551 dicere.

253 2577 285 2620 29
301 2570 385 2618 Nullus
394 2585 467 2616 senno
473 2569 544 2631 putris
552 2583 581 2614 ex
590 2583 629 2613 ore
635 2582 687 2614 ves·
755 2573 785 2615 15
803 2569 847 2616 Sed
858 2569 933 2615 omnia
943 2568 988 2622 illu,
1000 2568 1052 2614 dum
1064 2582 1078 2612 a
1088 2566 1139 2612 luce
1151 2582 1189 2612 ar·

221 2644 255 2682 tro
266 2635 392 2696 egreditur:
412 2635 451 2680 sed
460 2634 528 2694 siquis
539 2639 573 2679 est
584 2647 685 2677 commo·
720 2639 827 2695 gnuntur,
845 2633 963 2680 manifesta
978 2631 1050 2680 liunt:
1071 2630 1112 2677 lux
1128 2631 1188 2677 enim

151 2697 154 2702 ’
220 2696 686 2758 dusadaedificabonisusumutgratiam
720 2697 774 2744 illud
785 2703 819 2743 est
830 2698 890 2758 quod
901 2697 976 2744 omnia
986 2696 1039 2742 lacit
1048 2695 1174 2742 manifesta.

220 2762 358 2810 auditoribus
368 2759 461 2808 adserat.
755 2764 785 2807 14
803 2761 946 2824 Quapropter
962 2761 1021 2815 dicit,
1034 2759 1140 2806 Excitare
1151 2775 1182 2819 qn

252 2831 286 2874 ³0
302 2824 336 2873 Et
347 2840 375 2871 ne
386 2821 476 2870 tristitid
486 2823 567 2870 afficite
579 2822 687 2884 Spiritum
721 2825 812 2880 domnis,
823 2833 847 2872 et
858 2841 926 2888 surge
937 2841 951 2872 a
961 2824 1054 2872 mortuis
1066 2832 1088 2870 ει
1099 2824 1189 2870 illuces-

220 2891 282 2940 illum
294 2896 395 2938 sanctum
408 2886 462 2942 Del,
473 2904 512 2950 per
525 2901 592 2948 quem
609 2888 686 2950 obsig·
720 2890 805 2938 cestini
819 2887 930 2938 melotus.

221 2957 267 3004 nati
278 2957 332 3002 estis
342 2954 365 3002 in
377 2953 435 3001 diem
447 2951 612 3015 redemptionis.
756 2957 785 3001 15
797 2953 879 3002 Videte
889 2957 959 3016 igitur
966 2971 977 3016 t
981 2951 1078 3000 uomodo
1087 2947 1190 2998 accurati

252 3024 283 3069 31
302 3018 383 3068 Omnis
397 3018 527 3074 amaritudo,
536 3025 559 3064 ει
565 3015 688 3080 qxcandcs·
720 3018 834 3074 lncedatia,
851 3035 897 3066 uon
914 3027 939 3066 ut
958 3019 1092 3081 insipientes,
1109 3017 1148 3062 sed
1165 3024 1190 3063 ut

221 3086 301 3141 centia,
312 3091 336 3132 et
351 3084 390 3136 ira,
406 3089 430 3129 et
446 3083 537 3136 clamor,
552 3089 576 3129 et
595 3082 688 3128 maledi·
721 3083 830 3146 cupienten
838 3100 846 3140 3

221 3151 299 3206 ocutis,
316 3148 407 3197 tollatur
423 3161 453 3196 ex
471 3147 540 3204 vobis,
558 3161 610 3194 curn
628 3147 689 3192 omni
757 3152 786 3194 16
819 3147 965 3194 Redimentes
992 3145 1189 3209 opportunitatem,

222 3211 320 3263 muttit:
721 3212 826 3274 quoniam
837 3213 884 3260 dies
895 3213 946 3259 mali
958 3219 1017 3258 sunt.

251 3283 286 3328 32
303 3277 348 3326 nod
359 3283 431 3324 estote
441 3275 477 3322 alii
488 3275 510 3322 in
522 3273 577 3322 alios
591 3275 690 3337 benigni,
756 3278 785 3323 17
804 3276 926 3340 Propterea
936 3292 965 3323 ne
978 3281 1049 3322 estote
1059 3273 1190 3335 impruden·

222 3342 382 3396 nlsedoordcs,
394 3340 544 3388 condonantes
559 3340 622 3387 robis
638 3355 690 3385 rnu-
722 3347 763 3396 tes,
775 3341 814 3387 sed
824 3342 1035 3403 intelligentesquae
1046 3339 1075 3385 sit
1086 3337 1190 3385 voluntas

224 3403 262 3454 tud
272 3405 376 3468 offensos,
388 3405 445 3452 sicut
455 3411 478 3451 et
490 3404 555 3451 Deus
566 3403 589 3451 in
599 3401 690 3452 Christo
723 3403 825 3452 Domini.

137 3525 139 3533 Α
225 3470 437 3520 undenariorum
758 3473 786 3514 18
805 3468 836 3516 Ει
848 3484 876 3514 ne
893 3467 1029 3514 inebriamini
1038 3466 1097 3520 rino,
1109 3465 1133 3511 in
1143 3479 1190 3527 φιο
1227 3489 1233 3504 ι

722 3533 788 3580 luxus
799 3541 850 3589 est;
867 3533 905 3578 sed
922 3531 1043 3593 implemini
1057 3529 1158 3591 spirim

394 3593 467 3647 OAP.
490 3594 521 3642 V.
757 3601 787 3645 19
812 3596 941 3657 Loquentes
963 3597 1021 3643 inter
1042 3609 1084 3641 vos
1110 3590 1191 3640 mutud

228 3658 392 3778 ESTOTE
413 3661 482 3722 igitur
502 3659 624 3708 imitatores
637 3659 689 3717 Dei,
721 3661 818 3725 psalmis,
840 3668 863 3707 ει
889 3661 986 3720 hymnis,
1007 3665 1031 3705 et
1051 3657 1191 3706 contimtum

255 3706 265 3743 ⁴
313 3722 486 3770 utunruuecoz
721 3725 875 3788 spiritunon,
897 3731 1002 3770 canente·
1023 3737 1049 3769 ω
1070 3721 1190 3785 patuaro

256 3791 273 3833 9
289 3783 322 3832 Et
332 3785 586 3897 inceditezinoobcritsae.
598 3788 655 3834 sicut
666 3796 690 3835 ει
721 3789 745 3836 tn
755 3789 823 3836 corde
833 3795 915 3841 vestro,
927 3785 1030 3834 Domino
1040 3802 1049 3844 ς
