2756 4320
513 343 516 350 ¹
585 382 705 440 sors,
723 384 781 434 vn

228 494 262 538 ³0
283 489 388 552 Explctis
410 485 467 536 verri
488 489 552 534 annis
573 489 666 549 quadra·
696 489 751 536 didit
761 489 966 537 eosadcolendum
978 492 1100 540 exercitum
1108 505 1149 540 coe

197 555 266 618 ginta,
277 555 338 601 visus
349 560 385 600 est
401 553 422 600 ei
439 554 463 598 in
480 553 567 598 deserto
584 555 666 598 montis
697 552 726 599 li:
747 554 803 599 sicut
815 555 919 614 scripturn
931 556 995 601 estin
1005 556 1160 618 libro'proplre·

198 619 252 666 Sina
262 619 356 680 angelus
366 617 462 664 Domini
472 617 495 662 in
502 616 605 662 flammeo
614 618 666 678 igne
697 624 776 671 tarum,
797 617 860 664 Num
880 619 981 666 victimas
999 628 1022 666 et
1042 621 1161 668 oblationes

100 731 107 742 ,
197 684 253 730 nubi.
697 681 806 728 obtulistis
824 682 877 728 mihi
895 684 958 728 annis
977 684 1123 746 quadraginta
1139 685 1161 730 in

230 751 257 792 51
279 745 360 792 Moses
371 751 446 791 autem
458 751 483 790 ut
494 745 536 790 lroc
544 743 666 804 conspexit,
697 745 790 797 deserto,
803 746 881 792 domus
894 744 979 792 Israel?

198 811 319 856 admiratus
330 817 365 855 est
375 809 465 854 visum:
485 815 508 853 e't
518 819 586 868 quum
602 823 666 853 acce·
729 813 761 852 43
789 807 840 854 Inui
861 807 971 872 bajullstis
998 812 1161 858 tabernaculum

198 881 262 921 deret
272 874 300 920 ad
315 875 357 919 lroe
374 872 565 924 considerandum,
582 872 667 917 exstitit
699 871 808 926 Molochi,
816 879 840 918 et
850 873 910 919 sidus
919 873 963 919 Dei
973 876 1040 920 vestri
1048 875 1161 937 lbmplra·

198 939 226 986 ud
237 953 290 984 eum
300 952 347 982 vox
358 935 461 990 Domini,
472 936 577 988 dicentes,
697 936 738 988 nis,
750 951 805 994 quas
815 935 898 997 figuras
910 937 997 991 lecistis,
1016 946 1040 983 ut
1056 955 1093 986 eas
1109 941 1161 986 arlo·

224 1006 264 1047 ³2
276 1001 330 1062 Ego
338 994 388 1046 sirm
398 999 464 1046 Deus
475 999 511 1044 ille
519 1005 606 1060 patrum
614 1005 667 1044 tuo-
699 1000 790 1046 raretis:
809 1015 883 1060 noque
894 1001 1024 1048 transferam
1032 1017 1073 1048 ros
1081 1003 1109 1050 ar'.
1116 1003 1159 1050 Ba·

206 1080 258 1117 uzu,
265 1065 331 1110 Deus
343 1064 472 1116 Abrahami,
483 1070 506 1108 et
515 1062 580 1110 Deus
590 1061 667 1116 Issaei,
698 1063 785 1122 bylonis
795 1062 858 1109 lines.

198 1145 222 1177 et
245 1129 312 1176 Deus
332 1127 409 1176 Jacobi
451 1125 605 1172 Tremefaetus
627 1141 667 1172 au·
731 1130 764 1170 44
782 1126 959 1174 Tabemaculum
981 1128 1100 1174 testimonii
1121 1128 1163 1176 suit

200 1202 247 1240 tem
260 1192 339 1239 Moses
350 1207 395 1238 non
406 1191 500 1238 audebat
511 1192 577 1236 r'llum
593 1191 668 1236 consi·
698 1191 795 1251 patribus
805 1191 886 1237 nostris
894 1191 917 1238 in
925 1192 1019 1246 deserto,
1027 1203 1093 1253 prout
1100 1207 1162 1253 prse-

199 1256 284 1305 derare.
699 1262 787 1315 ceperat
798 1255 816 1300 is
824 1255 861 1314 qui
869 1255 954 1302 dixerat
966 1255 1034 1310 Mosi,
1047 1263 1071 1302 ut
1081 1256 1163 1304 faceret

233 1325 266 1366 53
283 1319 350 1366 Dixit
356 1327 429 1366 autern
439 1319 458 1365 ei
469 1317 589 1370 Dominus,
600 1317 669 1364 Solve
698 1318 752 1364 illud
768 1317 889 1366 sccundrim
902 1320 1015 1382 exemplar
1030 1321 1090 1382 quod
1101 1321 1161 1368 vide·

200 1385 273 1432 soleas
283 1385 363 1445 pedum
375 1391 479 1428 tuorum:
498 1383 560 1428 locus
571 1382 631 1428 enim
645 1381 668 1427 in
699 1387 739 1428 rat.
868 1429 883 1458 q

199 1464 246 1510 quo
258 1457 303 1494 stas
315 1455 371 1494 tcrra
383 1444 460 1494 sanctu
469 1453 510 1492 est.
730 1448 762 1502 45
775 1446 843 1500 Quod
851 1455 917 1494 otram
923 1459 1037 1509 acceptum
1045 1448 1161 1496 introdux-

233 1517 267 1558 34
287 1511 346 1566 Vrdr,
368 1511 413 1556 ridi
435 1510 575 1557 vexationem
592 1509 668 1570 populi
697 1519 763 1556 erunt
779 1521 852 1572 patres
868 1513 938 1558 nostri
954 1528 1005 1558 cum
1016 1512 1071 1560 Jesu
1083 1514 1105 1558 in
1116 1510 1163 1574 ipsi

201 1576 294 1637 meiqui
305 1577 368 1622 estin
379 1575 492 1636 Aegypto,
502 1574 667 1634 etsuspiriaip·
698 1577 841 1636 occupatione
867 1577 976 1637 gentium,
1003 1592 1058 1636 quas
1079 1577 1163 1637 expulit

201 1656 278 1686 sorum
295 1639 375 1689 audivi.
392 1655 415 1686 es
431 1638 533 1684 descendi
550 1645 667 1684 uternam
699 1637 764 1684 Deus
775 1655 789 1688 a
799 1648 919 1700 conspeetu
929 1639 1016 1700 patrum
1028 1649 1162 1694 nostrorum,

200 1720 253 1750 eos:
274 1719 333 1750 nunc
343 1719 399 1764 ergo
412 1702 524 1756 adesdum,
542 1702 628 1748 mittam
645 1708 667 1748 te
698 1717 767 1762 usque
778 1703 805 1748 ad
817 1703 863 1748 dies
875 1703 985 1759 Davidis;

201 1785 224 1814 ιιι
238 1769 374 1828 Aegyptum.
730 1769 762 1812 46
779 1765 826 1819 Qui
844 1773 922 1812 nactus
940 1775 975 1812 est
993 1767 1086 1826 gratiam
1106 1767 1162 1826 apud

234 1835 276 1894 55,
285 1831 354 1876 Hunc
364 1846 417 1890 ergo
426 1829 516 1884 Mosen,
525 1845 590 1889 quern
599 1829 666 1876 abne·
697 1827 783 1882 Deum,
794 1830 899 1889 petiitque
914 1837 939 1874 nt
955 1830 1117 1876 nancisceretur
1129 1839 1162 1876 ts·

203 1903 317 1958 paverant,
328 1895 432 1947 dicentes,
446 1893 504 1947 Quis
515 1900 538 1940 te
553 1893 668 1940 coustituit
698 1893 840 1939 bernaculum
853 1892 905 1939 Deo
916 1891 1001 1940 Jacobi.

218 1956 323 2020 rincipem
330 1957 474 2020 acjudicem?
490 1957 667 2016 hunc,inquam,
731 1960 761 2004 47
781 1957 887 2003 Solomon
908 1964 983 2008 autem
1004 1956 1162 2006 aedificavitei

201 1977 269 2070 ἓως
279 2023 339 2068 misit
355 2021 476 2083 principem
492 2027 515 2066 et
530 2021 668 2066 liberatorem
699 2021 784 2066 aedem.

145 2091 147 2096 '
201 2087 314 2142 fluerem
326 2087 393 2132 ductu
404 2085 477 2146 angeli
488 2085 525 2144 qui
544 2084 603 2130 visus
619 2083 668 2130 sue·
731 2088 762 2130 48
781 2085 825 2132 Sed
837 2085 1009 2133 Excelsissimus
1024 2085 1061 2132 ille
1077 2085 1099 2132 in
1115 2101 1161 2132 mn·

202 2160 236 2198 rat
247 2152 266 2197 ei
278 2152 301 2196 in
312 2152 374 2196 rubo.
699 2148 793 2196 nufactis
802 2150 889 2211 templis
897 2166 942 2196 non
950 2151 1039 2204 habitat,
1047 2151 1103 2196 sicut
1109 2165 1161 2210 pro·

234 2219 267 2278 36
285 2214 331 2260 Hic
342 2213 418 2261 eduxit
429 2211 478 2258 illos
487 2211 550 2258 editis
558 2211 674 2258 miraculis,
698 2213 765 2274 pheta
775 2213 833 2266 dicit,

202 2287 225 2328 et
231 2279 301 2340 signis
309 2279 331 2324 in
340 2278 432 2338 regione
440 2275 546 2337 Aegypti,
554 2283 577 2322 et
586 2277 608 2322 in
617 2275 668 2322 Ru·
731 2281 763 2322 49
781 2274 875 2323 Coelum
883 2277 936 2322 milri
945 2277 1038 2324 thronus
1046 2285 1093 2332 est;
1105 2284 1163 2322 terra

202 2345 243 2389 bro
260 2343 327 2396 Mari,
344 2342 405 2388 etin
422 2341 517 2395 deserto,
534 2340 668 2400 annisque·
699 2347 774 2385 autern
801 2339 919 2385 scabellum
946 2340 1026 2400 pedum
1054 2355 1161 2386 meorum.

202 2407 312 2468 draginta.
700 2403 776 2456 Quam
787 2403 863 2450 aedem
879 2402 1018 2450 aedificabitis
1034 2403 1094 2455 mibi,
1111 2403 1163 2450 dicit

235 2473 267 2518 57
286 2469 333 2516 Hic
340 2476 375 2516 est
383 2469 462 2514 Moses
468 2467 505 2517 ille
512 2467 548 2528 qni
556 2467 611 2514 dixit
619 2466 669 2514 liliis
700 2465 814 2517 Dominus
822 2485 828 2512 ι
836 2505 838 2511 2
847 2475 885 2512 sut
895 2467 945 2528 quis
955 2475 989 2512 est
1003 2467 1065 2513 locus
1077 2468 1162 2527 requie·

204 2533 280 2588 lsrael,
305 2533 440 2593 Prophetem
468 2532 580 2578 suscitabit
606 2533 670 2580 vobis
698 2529 819 2594 temese?

203 2597 318 2644 Dominus
330 2597 396 2643 Deus
405 2594 609 2642 vesteresratribus
617 2611 668 2642 ves·
731 2597 763 2641 50
779 2594 863 2642 Nonne
877 2609 956 2641 manus
975 2609 1025 2642 mea
1038 2593 1091 2642 fecit
1108 2594 1165 2642 haec

203 2662 243 2708 tn's
254 2662 311 2708 sicut
321 2677 371 2707 me:
390 2661 463 2722 ipsum
474 2659 573 2709 audietis.
595 2703 598 2708 Δ
698 2659 794 2705 omnis?

236 2730 268 2772 38
286 2725 389 2773 Hicille
405 2731 446 2778 est,
463 2723 507 2782 qui,
524 2723 670 2778 conveniente
730 2726 759 2770 51
779 2721 838 2770 Duri
861 2723 953 2778 cervice,
972 2730 995 2770 et
1016 2717 1163 2770 incircumcisi

202 2790 320 2852 popmloin
331 2789 425 2842 deserto,
437 2784 479 2832 luit
487 2802 537 2834 curn
546 2787 627 2847 angelo
635 2787 669 2848 ip·
698 2787 764 2832 corde
775 2796 798 2834 et
808 2789 902 2845 auribus,
914 2804 955 2834 vos
971 2803 1058 2850 semper
1073 2784 1165 2848 Spiritui

203 2869 254 2900 sum
266 2853 391 2912 alloquente
402 2852 425 2897 in
433 2858 509 2896 monte
519 2851 578 2904 Sina,
588 2857 670 2896 etcum
698 2850 729 2895 illi
740 2851 821 2897 Sancto
829 2852 968 2900 obnitimini:
987 2853 1062 2912 quales
1073 2852 1163 2897 suerunt

203 2918 301 2978 patribus
315 2915 404 2969 nostris,
420 2915 501 2975 quique
517 2915 606 2975 excepit
620 2914 672 2961 viva
698 2921 772 2974 patres
784 2916 856 2969 vestri,
869 2916 923 2960 tales
933 2923 956 2960 et
967 2931 1008 2960 vos
1019 2917 1089 2961 estin·

203 2981 292 3040 eloquia
302 2995 358 3040 quae
369 2978 432 3024 nobis
443 2979 545 3024 traderet
731 2980 763 3024 52
781 2976 856 3030 Quem
875 2977 1030 3037 prophetarum
1047 2991 1093 3022 nou
1111 2987 1163 3022 sunt

237 3048 270 3091 39
287 3041 331 3091 Cui
342 3043 461 3088 noluerunt
468 3041 590 3087 auscultare
597 3048 671 3102 patres
699 3041 826 3100 persequuti
837 3047 909 3099 patres
920 3039 1007 3084 vestri?
1019 3037 1162 3092 trucidrlrnnt,

206 3107 282 3160 nostri,
294 3107 333 3152 sed
344 3107 472 3168 repulerunt
487 3121 545 3158 eum,
562 3112 585 3150 et
600 3103 671 3150 aversi
700 3103 796 3164 inquam,
812 3118 851 3148 eos
868 3102 905 3162 qui
922 3099 1107 3161 praenuncirirunt
1121 3103 1162 3147 ad·

204 3178 258 3218 sunt
267 3169 369 3216 cordibus
380 3169 425 3216 suis
435 3170 458 3214 in
470 3168 494 3215 Α
554 3178 608 3214 turn.
700 3174 792 3213 ventum
809 3164 869 3213 Justi
885 3165 949 3218 illius,
965 3166 1027 3226 eujus
1044 3180 1103 3212 nuuc
1123 3180 1163 3212 vos

237 3238 270 3280 40
292 3233 401 3280 Dicentes
423 3232 515 3285 Aaroni,
560 3247 586 3278 ec
609 3231 672 3276 nobis
700 3231 823 3290 proditores
842 3237 865 3275 et
886 3227 1037 3274 interfectores
1056 3229 1107 3274 facti
1127 3247 1163 3277 es.

206 3296 272 3347 Deos
280 3299 316 3357 qui
327 3303 432 3358 praeeant
440 3296 519 3350 nobis;
538 3294 600 3342 Mosi
611 3295 670 3340 enirn
701 3301 746 3350 us;

206 3362 248 3416 uti,
255 3362 292 3421 qui
300 3361 376 3406 eduxit
386 3375 427 3406 nos
436 3373 465 3404 ex
474 3359 564 3420 regione
576 3358 670 3420 Aegyp-
733 3360 764 3404 55
782 3356 827 3411 Qur
839 3356 952 3417 accepistis
962 3355 1035 3417 legem
1042 3371 1080 3417 per
1089 3356 1161 3418 dispo-

206 3425 229 3479 ι’,
242 3424 352 3470 nescimus
362 3424 415 3482 quid
426 3423 551 3482 contigerit.
700 3421 802 3468 sitionem
813 3422 950 3482 angelornm,
962 3436 1003 3465 neo
1014 3417 1124 3466 servistis.

238 3491 267 3532 41
288 3487 320 3533 Et
339 3487 432 3533 vitulum
450 3486 550 3532 fecerunt
568 3500 606 3546 per
622 3485 672 3531 illos
732 3488 764 3530 54
775 3483 1162 3531 Audientesautemhaecfindebsn-

208 3551 260 3604 dies,
271 3551 440 3610 otrulerunrque
458 3549 586 3596 sacrificium
604 3549 669 3602 idolo,
700 3555 737 3594 tur
748 3549 849 3594 cordibus
860 3548 911 3600 suis,
923 3554 946 3592 et
957 3548 1075 3595 stridebant
1091 3549 1163 3596 denti-

210 3622 231 3660 rt
240 3613 377 3661 oblectarunt
388 3630 436 3660 sese
447 3613 548 3674 operibus
565 3627 670 3658 manuum
701 3612 741 3658 bus
752 3612 774 3656 in
786 3627 843 3656 eum.

209 3692 303 3724 suarum.
732 3677 764 3722 55
781 3674 859 3728 Quum
870 3681 942 3720 autem
954 3684 1013 3723 esset
1023 3679 1101 3738 plenus
1112 3657 1159 3739 Spr-

242 3745 272 3786 ⁴2
288 3739 363 3787 Vertit
373 3747 446 3788 autem
457 3738 584 3846 selrijeus.
594 3746 616 3786 et
625 3748 672 3785 tra·
713 3737 981 3795 rtuSanctc,inteutisin
997 3743 1082 3845 coeltpm
1095 3739 1165 3788 oeulis
1234 3731 1239 3746 ¹
