2720 4312
447 395 596 448 JOANNIS
613 391 853 453 APOCALYPSIS,
878 396 957 444 xxn

230 519 301 566 acque
319 501 409 559 elamor,
428 516 501 563 neque
518 501 582 548 labor
599 463 694 548 eastahit
724 507 807 562 quanta
817 506 840 548 et
850 499 943 548 latitudo
949 517 957 558 ;
974 499 1109 562 rnensuaqa'e
1119 512 1154 549 est
1161 497 1187 549 ol

230 564 337 631 amplius:
353 565 686 630 quiapraecedentiaahierunt.
725 560 817 613 vitatem
829 565 866 611 illo
874 565 1001 618 calamo,ad
1010 567 1130 612 stadiorum
1138 562 1192 614 doo-
1289 597 1293 604 Α
1347 555 1349 586 ²

261 635 278 681 5
294 631 327 678 Et
338 631 394 679 dlxit
403 629 423 678 ls
433 631 472 694 qui
487 629 595 676 insidebat
605 630 694 685 throno,
726 628 798 674 decim
819 629 900 676 millia:
916 637 1016 690 ‘suntque
1030 629 1155 692 longitudo,
1170 637 1193 678 et

232 695 299 750 Ecce,
308 709 367 744 nova
374 694 432 742 facio
439 694 520 740 omnia.
549 693 582 740 Et
587 694 643 740 dixit
650 694 695 739 mi·
726 690 827 746 latitudo,
838 699 862 740 et
868 693 964 739 'altitrrdo
974 695 1022 755 eJus
1032 695 1142 756 aequales.

231 761 259 816 hi,
272 760 364 818 Scriba:
381 773 433 806 nam
444 759 499 806 haec
507 759 696 806 verbaverasunt
762 760 791 806 17
808 756 842 803 Et
848 765 978 804 mensusest
985 773 1072 808 mamm
1079 760 1133 819 ejus,
1141 774 1195 805 cen-

231 823 341 873 etfldelia.
728 829 777 869 tunt
798 821 1039 883 quadragintaquatuor
1065 823 1197 880 cubitorum,

262 894 278 936 6
295 889 328 936 Et
335 887 390 936 dixit
398 887 458 942 mihi,
467 887 583 936 Fuerunt:
597 901 696 950 egosum
728 901 833 933 mensura
843 887 945 940 hominis,
957 901 1013 948 quae
1023 892 1059 932 est
1068 887 1150 948 angeli.

233 953 306 1016 Alphe
316 961 339 999 et
351 951 446 1015 Omega,
457 953 544 998 initium
553 959 576 999 et
584 951 642 1001 linis.
662 950 696 998 E·
764 953 793 996 18
810 949 868 996 Erat
878 958 952 996 autam
964 957 1074 996 structura
1084 951 1141 997 muri
1150 951 1199 1014 ejus

231 1033 262 1080 go
273 1018 355 1064 sitienti
367 1019 421 1064 dabo
433 1031 462 1064 ex
472 1016 535 1064 fonte
548 1031 617 1080 aquae
633 1017 699 1064 virae
729 1029 759 1062 ex
770 1015 871 1078 jaspide:
888 1015 936 1076 ipsa
954 1011 1008 1061 verd
1022 1015 1100 1062 civitas
1119 1031 1197 1064 aarum

232 1083 307 1146 gratis
629 1107 631 1120 ι
729 1094 818 1142 purum,
829 1087 851 1126 et
863 1079 940 1125 similis
953 1079 1010 1124 vitro
1021 1094 1085 1140 puro.

264 1151 279 1193 7
296 1145 383 1201 Victor,
394 1145 599 1209 haereditariojure
610 1145 697 1192 obtine·
765 1147 794 1191 ¹9
811 1143 844 1190 Et
854 1142 1208 1191 fundamentamuriurbisotnnl·

232 1210 263 1258 bit
273 1211 365 1266 omnia;
382 1217 406 1256 et
415 1225 454 1257 ero
465 1209 571 1274 e'qDeus,
582 1217 605 1258 et
615 1210 663 1273 ipse
673 1225 698 1256 e·
729 1207 801 1270 lapide
811 1208 909 1270 pretioso
920 1213 1010 1256 ornata:
1029 1206 1199 1256 tundamentum

233 1273 402 1322 ritmiirifilius.
730 1273 827 1336 primum
837 1280 889 1320 erat
897 1272 981 1334 jaspis:
1001 1272 1129 1327 secundum,
1147 1286 1198 1334 sap·
1271 1304 1273 1308 -

265 1337 392 1386 B'limidis
408 1344 489 1394 autem,
501 1345 524 1385 et
540 1338 664 1392 incredulis,
676 1344 700 1386 et
730 1337 819 1398 phirus:
839 1333 1112 1392 tertiumchalcedonius:
1131 1351 1199 1398 quar·
1226 1336 1229 1342 '
1347 1333 1349 1346 ¹

233 1403 395 1458 execrabilibus,
407 1410 430 1449 st
441 1403 563 1456 homicidis,
577 1410 600 1450 et
613 1411 698 1450 scorta·
731 1409 785 1456 tum,
797 1401 942 1462 smaragdus:

234 1467 324 1520 toribus,
335 1475 358 1514 et
370 1467 481 1522 veneficis,
498 1475 521 1514 et
537 1466 664 1521 idololatris,
676 1473 700 1513 et
764 1469 796 1512 20
812 1464 931 1520 Quintum,
951 1465 1076 1525 sardonyx:
1104 1471 1199 1522 sextum

233 1531 335 1577 omnibus
346 1530 494 1584 mendacibus,
506 1532 579 1592 portio
590 1532 698 1591 assigna·
731 1529 829 1576 sardius:
849 1530 975 1591 septimum,
983 1528 1144 1590 chrysolithus:
1159 1545 1198 1575 oo·

233 1601 257 1641 ta
274 1594 348 1642 estin
368 1603 449 1656 stagno
468 1597 505 1641 ubi
524 1595 586 1642 ardet
605 1595 665 1656 ignis
676 1602 699 1641 et
730 1601 814 1648 tarum,
833 1593 944 1654 beryllus:
969 1607 1061 1648 nonum,
1081 1593 1197 1655 topazius:

160 1691 163 1699 „
233 1659 332 1720 sulphur,
340 1659 400 1720 quod
411 1665 445 1704 est
455 1673 516 1705 mors
527 1659 630 1706 secunda
731 1657 847 1711 decimum,
855 1660 1029 1719 chrysoprasus:
1048 1657 1198 1712 undecimum,

266 1722 354 1772 9Tum
363 1723 425 1770 venit
433 1723 568 1770 admeunus
577 1738 606 1770 ex
614 1731 699 1786 septem
731 1723 877 1782 hyacinthus:
904 1722 1066 1776 duodecimum,
1086 1719 1198 1783 amethys
1295 1741 1298 1752 ·

180 1837 183 1843 ,
236 1787 279 1834 iilis
289 1788 376 1850 angelis
387 1789 424 1847 qui
436 1787 557 1834 habuerant
571 1795 657 1849 septem
672 1788 699 1834 ii-
733 1793 775 1833 tus.

234 1851 361 1913 lasphialas
378 1852 456 1914 plcnas
471 1859 556 1913 septem
575 1853 647 1914 plagis
665 1853 699 1898 ui·
765 1854 793 1896 21
813 1849 940 1896 Duodecim
948 1858 1022 1896 autern
1030 1862 1107 1914 portae
1115 1849 1198 1896 duodo·

235 1917 308 1973 timis}
325 1923 348 1963 et
359 1915 463 1976 loquutus
474 1923 508 1962 est
516 1931 610 1971 mecum,
619 1917 701 1972 rhoens,
732 1914 776 1962 cim
782 1916 914 1976 margaritae
922 1922 979 1968 sunt,
988 1922 1011 1961 et
1018 1915 1118 1978 singulae
1125 1922 1202 1976 portas

237 1979 303 2034 Veni,
315 1981 428 2034 ostendam
441 1980 478 2026 tibi
490 1993 593 2042 sponsam
608 1995 701 2028 uxorem
732 1994 761 2026 ex
772 1979 865 2041 singulis
876 1977 1000 2040 margaritis
1012 1991 1079 2035 sunt:
1094 1985 1117 2024 et
1127 1978 1200 2024 forum

235 2043 307 2106 Agna
732 2043 828 2090 civitatis
844 2057 923 2090 aarum
940 2057 1020 2105 purum
1039 2049 1145 2104 tanquam
1165 2042 1200 2090 vi·

270 2113 300 2156 10
316 2107 349 2155 Et
360 2107 449 2156 sustulit
459 2123 495 2154 me
505 2123 545 2169 per
564 2108 664 2170 spiritum
679 2109 702 2155 in
733 2118 792 2154 trum
804 2107 946 2168 perlucidum.
999 2123 1001 2126 ·
1164 2137 1166 2140 -

236 2179 336 2220 montem
347 2188 455 2234 magnum
465 2178 488 2218 et
499 2173 621 2227 sublimem,
633 2180 656 2223 et
664 2189 701 2220 os·
766 2175 798 2218 22
815 2169 865 2218 Nec
876 2172 984 2233 templum
994 2171 1039 2218 vidi
1050 2170 1073 2216 in
1088 2167 1127 2217 ed:
1148 2169 1200 2219 Do·

237 2237 373 2285 tenditmihi
388 2237 500 2283 civitatem
516 2237 576 2284 illam
589 2251 702 2300 magnam,
734 2236 807 2282 minus
818 2237 878 2282 enirn
896 2235 962 2282 Deus
979 2235 1127 2296 omnipotens,
1142 2233 1200 2282 tem·

237 2309 342 2356 sanctam,
350 2301 521 2362 inquam,illam
531 2300 680 2356 Hierusalem,
690 2317 703 2348 e
733 2301 795 2362 plum
804 2299 863 2346 illius
874 2306 914 2355 est,
926 2307 949 2348 et
960 2299 1049 2361 Agnus.

236 2364 583 2421 coelodesoendentemaDe03
705 2375 706 2378 ’
766 2369 799 2411 23
815 2363 897 2426 Neque
907 2365 984 2412 civitas
992 2363 1155 2427 isuegetsole
1165 2363 1201 2408 vel

270 2433 298 2475 ll
318 2429 446 2476 Habentem
454 2429 549 2490 gloriam
558 2426 620 2488 Dei3
632 2438 654 2476 et
663 2445 702 2475 cu·
734 2425 793 2483 lund,
811 2433 837 2475 ut
853 2428 941 2475 luceant
959 2429 982 2475 in
1001 2423 1040 2474 eri:
1060 2442 1112 2473 nam
1130 2441 1201 2489 grona

221 2495 271 2560 ius
288 2493 364 2541 lumen
380 2502 432 2542 crat
449 2494 519 2540 simile
537 2494 601 2556 lapidi
620 2494 703 2556 pretio·
719 2499 722 2505 '
737 2491 782 2540 Dei
794 2493 888 2540 ihustrat
899 2507 954 2546 eam,
967 2499 990 2540 et
1005 2492 1096 2538 lucerna
1106 2493 1154 2556 ejus
1167 2502 1200 2540 est

236 2557 331 2610 sissimo,
344 2564 447 2618 tanquam
463 2557 528 2620 lapidi
539 2559 620 2621 jaspidi
635 2559 705 2605 instar
739 2557 828 2618 Agnus.

237 2621 334 2682 crystalli
346 2621 484 2682 splendenti:
769 2625 801 2666 24
818 2621 850 2668 Et
866 2629 946 2681 gentes
963 2635 1019 2682 quae
1035 2626 1135 2666 servatae
1150 2618 1204 2666 ines

272 2689 302 2730 12
329 2684 449 2731 Habebam
480 2693 594 2745 praeterea
615 2701 704 2732 murum
737 2685 787 2739 rint,
804 2684 946 2731 ambulabunt
965 2685 992 2732 ad
1007 2685 1079 2731 lucem
1096 2685 1159 2746 ejus:
1179 2691 1201 2730 et

238 2763 344 2810 magnum
355 2754 378 2793 et
389 2749 512 2801 sublimem,
523 2748 639 2794 habentem
651 2765 704 2811 por-
737 2763 802 2810 reges
818 2753 890 2795 terrae
905 2748 1001 2810 gloriam
1017 2764 1079 2796 suam
1096 2756 1118 2795 et
1129 2749 1199 2796 hono·

237 2811 705 2874 tasduodecim‚etinportisangelosduo·
737 2811 1002 2860 remadeamadferent.
1080 2829 1086 2838 “

238 2877 316 2938 decim,
327 2882 350 2922 et
361 2875 453 2922 nomina
463 2876 574 2937 inscripta,
585 2885 707 2938 quaesunt
770 2879 801 2924 25
818 2877 870 2924 Nee
879 2884 957 2940 portae
967 2879 1015 2940 ejus
1026 2875 1156 2923 claudentur
1166 2876 1199 2923 ia·

238 2941 329 2989 nomina
355 2941 471 2987 duodecim
493 2941 589 2988 tribuum
610 2941 706 2990 liliorum
737 2942 823 2998 tandiu:
841 2941 957 2988 nonenim
969 2956 1014 2987 non
1026 2941 1135 2987 eritilllc:

239 3003 316 3054 lsra'el.
770 3010 801 3054 26
818 3005 851 3052 Et
869 3005 980 3052 adferetur
998 3005 1071 3068 gloria
1088 3010 1113 3051 et
1130 3005 1198 3052 hona
1248 3048 1261 3080 ,²

274 3075 303 3116 13
321 3069 357 3116 Ah
374 3067 467 3116 Oriente
481 3077 532 3116 erat
551 3077 628 3131 portae
646 3077 706 3128 tres:
737 3069 838 3133 gentium
849 3069 877 3117 ad
889 3083 947 3116 eam.

238 3137 265 3182 ab
277 3134 396 3196 Aquilone,
407 3148 484 3194 portae
496 3140 554 3190 tres:
571 3134 598 3179 ab
613 3134 706 3190 Austro,
770 3137 801 3182 27
819 3133 874 3180 Non
885 3132 974 3180 intrabit
990 3132 1013 3178 in
1024 3148 1073 3179 eam
1085 3131 1201 3193 quicquam

238 3207 315 3263 portae
325 3205 385 3255 tres;
402 3195 534 3250 abOccasu‚
546 3204 623 3258 portae
635 3203 686 3244 tres.
737 3198 797 3260 qaod
828 3195 935 3260 inquinat,
962 3204 1001 3242 aut
1032 3196 1207 3254 abominandum·

273 3266 303 3309 14
320 3261 353 3309 Et
363 3277 440 3308 murus
452 3262 510 3308 urbis
521 3262 613 3308 habebat
626 3261 707 3310 sunda·
737 3261 848 3325 quippiam
867 3267 945 3323 patrat,
962 3261 999 3307 vel
1015 3261 1155 3308 mendacium
1170 3262 1200 3307 la·

239 3335 315 3374 menta
335 3327 469 3383 duodecim
496 3326 519 3372 in
541 3326 619 3386 quihus
639 3333 708 3373 mant
738 3329 835 3388 quitur:
854 3325 893 3372 sed
911 3325 948 3386 qui
965 3325 1039 3387 scripti
1051 3325 1138 3372 suntin
1150 3325 1202 3372 libra

240 3390 355 3438 duodecim
366 3391 456 3436 nomina
467 3389 617 3452 apostolorum
629 3388 699 3452 rigni.
739 3392 798 3437 vitae
812 3388 883 3451 rigni.

236 3475 239 3479 ¹
274 3459 303 3502 15
327 3451 399 3502 Ponti
416 3455 442 3511 is,
460 3456 498 3516 qui
514 3454 645 3516 loquebatur
658 3469 707 3501 rne-
1126 3505 1127 3508 Ἴ

239 3533 299 3573 eum,
320 3519 413 3566 habebat
434 3519 541 3568 calamum
564 3533 663 3573 aureum,
683 3525 709 3566 ut
879 3515 954 3566 CAP.
976 3514 1064 3564 XXII.

241 3583 355 3630 metiretur
366 3583 485 3639 civitatem,
496 3591 519 3630 et
529 3591 604 3646 portas
615 3585 669 3648 ejus,
685 3589 710 3630 et
808 3579 923 3628 EINDE
941 3581 1039 3629 ostendit
1054 3581 1108 3628 mihi
1125 3597 1203 3646 purum

242 3648 396 3708 marumejus.
839 3645 933 3692 fluvium
944 3646 1096 3712 aquaevivae,
1108 3645 1203 3708 splendi-

277 3713 307 3756 16
325 3709 386 3756 Urbs
396 3711 445 3772 ipsa
460 3707 514 3757 uerd
527 3709 709 3774 quadrangularis
742 3710 794 3758 dum
811 3705 916 3770 tanquam
931 3707 1069 3770 crystallum,
1082 3707 1202 3772 procerba·

243 3773 284 3820 sita
304 3779 345 3824 est.
368 3776 430 3834 eujus
456 3774 573 3834 longitudo
593 3781 656 3822 tanta
676 3779 712 3822 est
742 3779 786 3824 tem
798 3788 827 3820 en
837 3773 919 3820 throno
930 3771 978 3822 Dei
987 3780 1010 3821 et
1021 3773 1092 3835 rigni.
