2734 4314
617 438 734 495 Lucu,
758 439 817 488 Xll.

226 551 294 604 hauet,
310 549 430 596 admiratus
445 554 480 593 est
495 562 546 594 eum
564 562 609 592 non
626 543 687 608 priris
748 550 780 594 52
797 545 846 594 Vae
858 549 920 594 vobis
937 545 993 609 legis
1010 547 1166 609 interpretibus

220 615 317 662 lblutum
328 613 396 659 fuisse
407 618 458 658 ante
466 611 589 673 prandium.
716 613 819 671 qnoniam
831 611 950 658 sustulistis
966 612 1052 658 clunem
1068 613 1169 673 cognitio

251 681 285 725 39
301 677 368 724 Dixit
378 684 452 723 autem
464 675 484 721 ei
496 674 617 728 Dominus,
635 673 685 720 Vos
716 676 764 721 nis:
784 675 825 736 ipsi
834 691 879 722 non
888 675 1002 731 introistis,
1014 686 1037 722 et
1047 692 1086 722 eos
1097 692 1134 737 qur
1147 691 1169 723 ru

220 738 308 804 quiddm
330 739 441 787 Pharisaei
460 738 594 785 exteriorcm
612 739 685 799 poculi
716 740 813 786 trodraut
825 740 973 800 prohibuistis.

220 807 349 870 padnseque
357 813 441 866 partem
450 803 563 865 purgatis,
580 803 687 880 sedquad
748 807 780 850 53
798 803 875 857 Quum
886 813 961 850 auteur
975 805 1028 850 haec
1045 803 1077 849 eis
1093 804 1181 858 diceret,

220 871 278 916 intra
295 885 336 916 vos
353 876 394 924 est,
413 868 504 930 plenum
520 874 555 914 est
571 867 648 928 rapina
663 872 700 918 et¹
715 873 836 927 coeperunt
847 869 930 914 scribae
944 877 968 914 et
985 867 1098 914 Pharisaei
1115 870 1180 915 vehe-

220 935 311 981 scelere.
715 937 802 978 menter
821 932 867 991 ipsi
885 931 1006 986 imminere,
1027 938 1051 978 et
1066 947 1118 978 erm
1135 933 1181 978 uu

252 1002 285 1043 40
301 996 417 1050 Amentes,
426 993 512 1041 Nonne
520 993 556 1056 qui
565 993 617 1041 lecit
626 993 686 1055 quod
715 1010 766 1042 cere
777 995 950 1055 adloquendum
962 996 989 1042 de
1000 995 1091 1052 multis;

220 1061 274 1109 ioris
282 1070 322 1116 est,
332 1061 398 1108 etiam
407 1060 428 1106 id
437 1060 497 1121 quod
505 1059 565 1106 intus
573 1066 608 1106 est
616 1059 685 1105 fecit?
748 1062 780 1106 54
798 1057 931 1106 insidiantes
941 1059 968 1114 ei,
979 1066 1002 1106 et
1009 1055 1089 1120 cupide
1098 1075 1182 1107 vernn·

252 1130 280 1172 41
302 1125 383 1181 lmmo,
400 1139 493 1186 eaquae
503 1139 571 1185 penes
581 1139 623 1169 vos
634 1130 686 1170 sunt
715 1129 750 1170 tes
761 1123 842 1184 aliquid
852 1137 881 1169 ex
892 1123 959 1186 ipsius
971 1139 1016 1179 ore,
1035 1131 1059 1170 ut
1076 1139 1127 1170 eum
1145 1139 1183 1172 ιο·

219 1191 271 1237 date
281 1192 306 1238 in
318 1191 498 1249 eleemosynam:
523 1197 545 1235 et
560 1203 618 1243 ecce,
636 1203 685 1234 om·
715 1196 825 1234 cusatent.

221 1256 258 1302 nia
268 1264 334 1302 eruut
345 1253 407 1300 vobis
416 1267 477 1314 pure.

252 1323 284 1367 42
302 1319 347 1365 Sed
358 1333 399 1364 vae
410 1317 478 1371 robis,
492 1314 630 1362 Pharisaeisl
649 1315 685 1376 qui
871 1314 946 1364 cuP.
969 1314 1029 1363 Xll.

220 1383 332 1429 decimatis
339 1381 459 1434 mentham,
471 1387 493 1426 et
500 1388 577 1433 rutam,
585 1387 608 1425 et
614 1380 685 1440 quod·
756 1379 802 1426 NT
804 1379 905 1435 EREA,
911 1397 978 1441 quum
984 1390 1181 1442 coactaessetper·

220 1447 254 1492 vis
273 1447 328 1500 olus,
348 1444 388 1490 sed
401 1443 524 1506 praeteritis
537 1443 646 1504 judicium
663 1453 686 1489 et
781 1445 851 1491 mults
870 1447 939 1500 turba,
961 1442 1017 1490 ederi
1033 1454 1059 1491 ut
1075 1445 1110 1491 elii
1127 1446 1183 1492 alios

219 1511 348 1556 charitatem
366 1508 419 1554 Dei.
454 1507 519 1553 llaec
532 1515 685 1569 autemopor·
716 1508 879 1562 conculcarent.
899 1509 972 1570 coepit
988 1510 1061 1555 dicere
1072 1510 1185 1570 discipulis

220 1575 262 1620 tuit
273 1573 351 1627 lacere,
363 1580 385 1618 et
396 1572 433 1618 illa
444 1587 489 1616 non
501 1571 609 1618 omittere.
716 1573 768 1625 suis,
792 1571 905 1633 Imprimis
926 1583 1004 1619 cavete
1025 1574 1088 1619 vobis
1107 1589 1120 1620 a
1136 1578 1183 1620 rer·

252 1641 284 1683 45
302 1637 350 1683 Vae
362 1636 431 1691 vobis,
444 1634 581 1683 Pharisaeis!
602 1635 638 1695 qui
650 1635 684 1680 di·
716 1645 792 1683 meuto
805 1636 982 1688 Pharisaeorum.
994 1637 1054 1698 quod
1064 1644 1098 1684 est
1109 1637 1182 1699 hypo·

219 1701 287 1763 'igitis
304 1703 399 1762 primum
410 1714 539 1746 consessum
550 1699 574 1745 in
585 1714 684 1746 conveu-
715 1700 786 1746 crisis.

219 1767 284 1820 tibus,
296 1773 315 1812 et
330 1765 472 1812 salutationes
483 1764 505 1810 iu
516 1763 578 1810 soris.
727 1789 730 1792 ·
748 1768 763 1810 2
780 1763 844 1810 Nihil
862 1763 921 1811 enirn
941 1773 1043 1826 opertum
1062 1773 1102 1820 est,
1122 1766 1181 1826 quod

252 1835 284 1876 44
302 1829 351 1876 Vae
359 1830 428 1884 vobis,
437 1828 520 1876 scribae
528 1835 551 1874 et
564 1826 683 1882 Pharisaei,
715 1842 761 1874 non
783 1829 914 1891 detegatur;
941 1838 964 1876 et
985 1831 1045 1876 rutil
1062 1831 1182 1884 occultum.

220 1893 362 1956 hypocritae!
383 1893 419 1954 qui
431 1893 485 1940 estis
501 1899 526 1938 ut
540 1901 686 1938 monumenta
714 1892 775 1954 quod
786 1908 831 1939 non
842 1893 973 1939 innotescat.

219 1975 275 2018 quae
286 1974 331 2004 non
343 1967 454 2019 apparent,
472 1964 495 2003 et
509 1971 569 2017 qnae
583 1957 686 2002 nesciunt
746 1960 764 2002 ὅ
781 1956 903 2020 Propterea
914 1973 969 2018 quae
980 1957 1003 2002 in
1020 1957 1115 2003 tcnebris
1131 1957 1181 2002 dix·

218 2023 233 2068 ii
246 2023 282 2084 qui
295 2037 361 2082 super
371 2037 398 2068 ea
410 2021 529 2067 ambulant.
715 2019 770 2074 istis,
786 2021 810 2066 in
826 2022 876 2067 luce
894 2022 1026 2068 audienturr
1050 2030 1073 2067 et
1089 2021 1149 2081 quod
1160 2022 1181 2068 in

252 2089 284 2132 45
302 2085 449 2146 Respondeas
460 2092 534 2130 autem
551 2083 639 2144 quidam
656 2097 685 2129 ex
715 2098 790 2130 aurem
811 2084 894 2144 loquuti
914 2086 967 2131 estis
987 2086 1009 2131 in
1031 2085 1180 2141 conclavibus,

218 2150 275 2210 legis
286 2149 440 2209 interpretibus
451 2148 482 2194 nit
498 2148 524 2201 ei,
544 2147 684 2208 Praeceptor,
715 2148 879 2210 praedicabitur,
885 2149 907 2194 in
919 2150 1010 2196 solariis.

219 2229 287 2273 quum
306 2215 359 2258 hncc
381 2213 442 2268 dicis,
464 2211 531 2258 etiarn
553 2227 594 2258 nos
616 2211 685 2258 allicis
748 2212 842 2259 4Dico
856 2221 930 2260 autem
947 2215 1016 2267 vobis,
1033 2213 1109 2260 amicis
1121 2213 1182 2268 meis,

219 2275 304 2340 injurii.
411 2297 412 2305 ¹
717 2275 755 2323 Ne
766 2277 842 2324 timete
856 2279 915 2324 vohis
931 2279 958 2324 ab
975 2279 1001 2324 iis
1018 2277 1056 2337 qui
1072 2278 1182 2324 trucidant

251 2347 283 2388 46
302 2340 353 2402 lpse
364 2348 437 2387 alitem
449 2340 485 2394 att,
498 2339 547 2386 Vae
557 2341 684 2400 vobisque·
716 2356 803 2402 corpus,
823 2348 846 2387 et
861 2349 939 2402 postea
955 2357 999 2388 non
1020 2343 1100 2387 linirent
1121 2343 1181 2403 quod

218 2422 261 2466 que
277 2406 334 2468 legis
349 2403 518 2467 interpretibus!
543 2405 646 2465 quoniam
658 2421 684 2449 o·
716 2402 810 2466 amplids
821 2405 909 2451 saciant.

220 2471 301 2517 ueraris
320 2470 421 2518 homines
440 2469 543 2515 oneribus
561 2468 685 2514 difficilibus
748 2469 1041 2516 51'raemoustraboautcm
1048 2470 1182 2529 vobisquern

218 2542 312 2594 portatu,
324 2534 363 2580 sed
374 2531 415 2594 ipsi
426 2548 471 2578 uno
482 2547 512 2579 ex
522 2532 597 2594 digitis
605 2532 685 2578 vestn's
715 2531 826 2580 timentiss
851 2534 928 2582 timete
938 2549 990 2580 eum
1003 2534 1047 2593 qui,
1064 2545 1181 2594 postquam

219 2613 263 2642 uon
276 2597 384 2658 attingitis
395 2611 469 2643 onera.
715 2594 835 2652 trucidirit,
855 2605 987 2660 potestatem
1006 2599 1070 2644 habet
1088 2599 1180 2658 conjici-

249 2665 280 2707 47
298 2660 349 2706 Vae
359 2659 435 2707 vobis!
453 2658 557 2720 quoniam
566 2657 685 2706 aedificatis
715 2661 766 2706 endi
777 2661 800 2708 in
813 2662 960 2710 Gehennam:
981 2663 1062 2722 ntique,
1078 2663 1127 2708 dico
1140 2679 1180 2708 vo·

133 2733 137 2740 “
218 2731 363 2769 monumenta
372 2723 535 2785 prophetarum.
552 2730 626 2785 patrcs
642 2739 682 2769 au·
714 2725 754 2780 bis,
767 2726 826 2772 hune
837 2725 920 2772 timete.

217 2796 262 2834 tem
273 2787 341 2832 vestri
354 2784 491 2832 trucidirunt
501 2801 548 2832 eos.
747 2793 763 2836 6
780 2789 864 2836 Nonne
871 2791 968 2850 quinque
974 2789 1091 2850 passerculi
1100 2805 1181 2836 caene-

249 2855 280 2896 48
299 2849 387 2911 Nempe
398 2849 525 2896 testimonio
535 2857 609 2895 vestro
618 2866 681 2896 com·
715 2861 755 2899 unt
766 2854 853 2900 assariis
869 2853 974 2928 dupbus?
995 2862 1018 2900 et
1032 2862 1108 2900 tumen
1125 2870 1182 2901 uuus

216 2915 313 2978 probatis
339 2914 397 2960 lacta
423 2925 510 2976 patrum
538 2922 679 2961 vestrorum:
714 2931 743 2963 ex
754 2917 781 2963 iis
792 2933 837 2964 non
849 2928 883 2964 est
894 2934 916 2964 ru
925 2918 1035 2964 oblivione
1043 2918 1066 2964 iu
1075 2933 1182 2980 couspec·

216 2979 320 3041 quonism
331 2979 361 3024 illi
376 2975 465 3039 quidem
481 2994 521 3024 eos
538 2977 681 3034 trucidiruut,
715 2988 739 3026 tu
752 2981 813 3027 Dei:

217 3060 257 3090 vos
276 3051 350 3090 autern
369 3042 486 3090 aedificatis
505 3057 583 3089 eorum
600 3058 681 3089 monu-
747 3049 761 3092 7
780 3045 908 3099 Quinetiam
928 3045 999 3107 capilli
1018 3045 1095 3107 capitis
1114 3056 1175 3092 vestr

216 3116 298 3154 menta.
715 3124 793 3156 omnes
815 3110 923 3156 numerati
948 3117 1007 3156 suut.
1053 3109 1091 3156 Ne
1112 3110 1181 3171 igitur

248 3177 280 3219 49
297 3171 419 3233 Propterea
429 3171 495 3218 etiam
512 3170 619 3232 sapientia
635 3171 681 3218 Dei
715 3173 792 3220 timete
799 3189 807 3232 ;
833 3173 909 3220 multis
933 3173 1065 3236 passerculis
1082 3186 1182 3236 praesta·

216 3237 278 3290 dixit,
301 3235 392 3282 Mittam
414 3236 443 3282 ad
463 3251 503 3282 eos
524 3236 642 3296 prophetas
659 3243 682 3282 et
714 3237 751 3284 tis.

216 3297 334 3360 apostolos,
343 3309 366 3346 et
372 3315 400 3346 ex
408 3299 462 3361 ipsis
468 3301 578 3359 quosdam
584 3300 681 3346 trucida·
746 3305 761 3347 8
779 3300 840 3347 Dico
851 3309 925 3348 autem
936 3301 1005 3354 vobis,
1024 3300 1131 3362 Quisquis
1143 3317 1180 3348 me

216 3364 276 3417 hunt,
287 3374 311 3410 et
321 3365 430 3424 quosdam
442 3361 560 3440 expellent.
713 3365 831 3426 agnoverit
852 3381 927 3412 coram
949 3366 1081 3418 horninibus,
1111 3364 1181 3412 bilius

247 3431 280 3474 50
298 3427 331 3474 Ut
342 3436 433 3489 agente
444 3428 487 3473 ista
497 3427 619 3486 requiratur
629 3441 680 3472 san·
714 3443 802 3489 quoque
812 3430 908 3476 hominis
919 3439 1027 3492 agnoscet
1037 3445 1089 3476 eum
1103 3445 1179 3476 coram

215 3492 266 3554 guis
290 3492 389 3538 onmium
415 3491 572 3553 prophetarum
599 3489 681 3536 effusus
713 3493 799 3553 angelis
812 3492 864 3539 Dei.

217 3557 295 3618 «jacto
308 3557 383 3601 mundi
394 3555 539 3602 fundamento
545 3571 553 3610 ς
746 3561 762 3604 9
779 3556 824 3610 Qui
833 3553 886 3603 verd
897 3571 933 3603 me
942 3556 1085 3618 abnegaverit
1092 3557 1116 3604 in
1124 3572 1179 3604 con·

251 3621 274 3665 ⁵1
298 3618 438 3680 Asanguiue
448 3616 505 3666 Abel
515 3617 620 3678 usquead
629 3633 681 3664 san·
713 3627 790 3670 spectu
801 3621 923 3675 hominum,
936 3622 1080 3683 abnegabitur
1091 3621 1114 3667 in
1125 3636 1178 3667 con·

216 3681 305 3744 guinem
316 3681 441 3738 Zachariae,
453 3684 491 3744 qui
502 3683 565 3743 periit
576 3681 635 3728 inter
645 3682 678 3728 al·
713 3695 789 3745 spectu
801 3685 932 3745 angelorum
945 3684 999 3730 Dei.

217 3750 295 3791 tareet
309 3745 402 3791 aedem:
427 3743 526 3807 profecto
542 3744 592 3792 dico
609 3747 679 3801 vobis,
746 3750 776 3793 10
793 3746 825 3793 Et
836 3748 934 3808 quisquis
945 3749 1049 3808 loquutus
1060 3748 1174 3796 fuerunt·

218 3808 337 3866 requiretur
348 3808 375 3854 ab
385 3809 511 3916 hacflgente.
712 3807 790 3858 versus
802 3810 882 3858 Filium
894 3813 996 3867 hominis,
1008 3813 1028 3859 ei
1037 3813 1161 3860 remittetur
