2720 4312
431 420 452 464 t.
475 418 524 465 AD
540 417 768 478 mosomum,
791 417 859 478 I,ll.

203 798 356 866 PAULI
383 807 883 870 APOSTOLlEPISTOLA
912 811 1066 877 PRIMA

444 931 507 990 AD
532 929 838 992 TIMOTHEUM.

149 1125 154 1134 ·
324 1092 402 1142 cAP.
426 1091 446 1141 I.
654 1109 692 1141 me
700 1095 814 1142 robustum
833 1093 913 1150 eli'eclt,
933 1097 959 1144 id
974 1105 1013 1152 sat,
1031 1095 1120 1150 (λων

158 1153 324 1268 PAULUS
337 1158 453 1222 apostolus
468 1158 525 1207 Jesu
538 1156 623 1207 Christi
654 1157 712 1208 Jesu
721 1157 823 1206 Domino
832 1167 925 1217 nostro3
942 1159 1122 1221 qudumetdun

233 1235 264 1266 ex
281 1223 426 1269 ordinatione
441 1222 487 1269 Dei
502 1225 622 1270 servatoris
654 1222 749 1278 duxerit,
761 1224 834 1285 utqui
845 1239 881 1272 me
894 1224 918 1272 in
933 1225 1057 1274 ministerio
1066 1243 1122 1276 aca-

152 1281 224 1336 souri,
235 1291 260 1330 et
280 1285 380 1334 Domini
397 1286 454 1336 lesu
472 1285 562 1344 Christ,
576 1289 624 1350 spei
656 1287 769 1344 iusserim

152 1353 238 1392 nostrae
248 1365 255 1405 3
691 1355 721 1398 1³
738 1351 784 1406 Qui
795 1349 856 1414 pribs
866 1368 927 1400 erarn
941 1352 1088 1416 blasphemus,
1099 1363 1122 1404 ct

182 1412 196 1453 2
214 1409 348 1480 Timotheo,
360 1414 557 1477 gennanoiilioin
568 1415 622 1463 ilde:
654 1423 807 1478 persequutor,
825 1424 849 1464 et
866 1417 1002 1480 injuriosua;
1022 1420 1061 1466 sed
1079 1420 1122 1468 md

153 1469 229 1521 Gratia
240 1479 271 1534 sit
282 1481 336 1534 tibi,
348 1481 504 1533 misericordia,
515 1477 624 1542 etpanb
655 1481 810 1528 misertusest.
845 1480 905 1528 Nam
922 1483 1029 1544 ignorans
1044 1485 1070 1531 id
1086 1483 1120 1534 ia·

153 1532 203 1582 Deo
223 1539 295 1590 Patre
313 1553 399 1599 nostro,
414 1553 438 1592 et
457 1542 549 1594 cbristo
566 1544 623 1593 Jeau
654 1546 835 1607 ciemmmempe
845 1545 895 1593 bdei
907 1561 993 1610 expers.

154 1595 254 1650 Domino
265 1615 356 1654 nostro.
689 1613 720 1655 14
743 1611 933 1672 Superabundavit
953 1621 1028 1659 autem
1050 1614 1122 1675 grafia

182 1668 199 1710 ὅ
216 1668 281 1716 Sicut
292 1679 317 1718 te
329 1687 377 1718 aum
389 1679 524 1734 precatuaut
534 1689 622 1735 penna·
654 1673 693 1721 illa
704 1673 798 1720 Domini
809 1675 879 1722 nostri
895 1691 947 1722 cum
962 1676 1005 1723 fide
1020 1684 1043 1724 et
1054 1678 1122 1724 dilec-

153 1740 215 1776 ueres
233 1733 412 1796 Ephesiouum
430 1737 582 1798 proficiscerer
599 1739 623 1785 in
655 1739 716 1785 tione
724 1739 746 1785 in
760 1737 851 1786 Christo
861 1737 925 1786 Jesu.

155 1787 320 1852 Macedoniam,
331 1802 389 1853 urile
402 1808 427 1848 ut
437 1802 557 1848 denunciea
572 1803 623 1864 qui·
690 1804 719 1849 15
738 1800 821 1849 Certus
831 1810 864 1849 est
871 1803 910 1848 bio
920 1817 1000 1855 mnino,
1010 1811 1033 1848 et
1040 1803 1123 1865 dignus

154 1854 244 1907 busdam
267 1879 297 1910 ne
314 1865 426 1912 diversam
442 1865 565 1914 doctrinam
582 1867 623 1914 dn·
656 1866 694 1926 qui
705 1866 776 1912 modis
789 1865 891 1912 omnibus
906 1865 1029 1926 recipiatur,
1042 1865 1121 1914 Chris·

154 1931 231 1979 ceont3
656 1937 705 1976 turn
722 1928 801 1978 Jesum
821 1929 908 1975 venisse
926 1929 950 1976 in
968 1929 1075 1976 mundum
1098 1941 1122 1978 ut

186 1987 625 2048 ‘iNecattendantonimumiabuliact
656 2002 783 2056 peccatores
802 2001 907 2048 servaret,
926 2009 1021 2054 quorum
1037 1996 1122 2057 primus

156 2053 623 2122 genealogiisinfinitisquaepotibaquaes·
658 2075 707 2105 sum
719 2074 770 2120 ego.

156 2125 227 2164 uones
244 2121 351 2180 praebent
366 2118 434 2183 qudm
450 2122 624 2170 aedificationem
691 2126 720 2170 16
733 2120 818 2170 Verdm
827 2119 876 2170 ided
884 2122 988 2170 misertus
996 2131 1031 2170 est
1039 2124 1089 2178 mei,
1099 2137 1123 2172 ut

157 2173 209 2233 Dei,
220 2192 323 2242 quaeest
334 2201 373 2246 pcr
384 2185 457 2232 iidem.
656 2186 679 2234 in
690 2203 727 2233 me
737 2188 808 2248 primo
820 2187 947 2234 ostenderet
956 2186 1025 2235 Jesus
1043 2187 1119 2236 Chris·

188 2246 203 2290 5
221 2245 301 2304 Porrd,
312 2249 363 2296 linia
375 2250 623 2306 mandatiestobaritaa,
656 2258 692 2297 tus
707 2267 797 2298 omnem
813 2251 934 2306 lenitatem,
951 2259 976 2297 ut
993 2267 1065 2298 cssem
1081 2267 1121 2298 ex·
1201 2293 1214 2306 ,

156 2318 185 2351 0¹
205 2325 262 2370 puro
279 2315 393 2368 cordeet
409 2312 545 2362 conscientii
560 2313 624 2371 boob
656 2315 741 2376 emplar
751 2315 867 2360 credituris
878 2315 919 2376 ipsi
932 2315 960 2364 ul
971 2316 1039 2360 vitam
1050 2323 1122 2362 aeter·

157 2369 365 2424 sidenorum:
657 2394 716 2425 nam.

188 2439 205 2482 6
221 2440 244 2487 Α
255 2443 335 2502 quibus
345 2442 446 2489 nonnulli
457 2450 482 2489 ut
490 2458 578 2504 ascopo
584 2443 622 2490 ab·
690 2445 719 2489 l'l
737 2441 796 2502 Regi
806 2449 879 2488 sistens
891 2448 988 2496 aeterno,
996 2441 1122 2489 immortali.

157 2510 261 2572 qantos,
280 2506 419 2553 diverterunt
434 2507 463 2554 ad
478 2507 623 2568 vaniloquen-
655 2505 764 2559 invisibili,
777 2506 817 2552 soli
829 2505 921 2566 sapienti
938 2505 998 2560 Deo,
1010 2507 1082 2552 honor
1094 2509 1125 2551 ait

158 2565 224 2623 lmus
610 2582 613 2586 ·
656 2578 680 2616 et
696 2570 769 2632 gloria
787 2570 810 2616 in
827 2569 900 2616 secula
919 2569 1051 2617 seculorum.
1087 2571 1108 2618 A

190 2629 204 2676 7
222 2631 331 2682 Volentes
340 2649 390 2681 essa
396 2633 452 2696 legia
460 2634 568 2689 doctores,
578 2650 624 2682 non
656 2649 716 2682 men.

160 2687 307 2758 intelligentes
317 2715 360 2745 nec
371 2714 427 2758 quae
438 2699 565 2761 loquuntur,
582 2715 624 2746 uec
691 2702 719 2745 18
738 2697 792 2746 Hoc
802 2697 930 2746 mandatum
947 2699 1080 2746 commendo
1095 2701 1122 2746 ti·

159 2752 185 2802 de
196 2763 272 2820 quibus
283 2769 418 2810 asseremnt.
656 2763 684 2818 bi,
695 2763 727 2812 lili
738 2763 863 2818 limotbee,
875 2779 955 2825 nempe
966 2772 991 2812 ut
1002 2761 1122 2811 secundnm

191 2826 205 2867 8
223 2827 310 2873 Scimus
331 2834 406 2872 cutem
427 2827 508 2876 bonam
525 2843 575 2876 ease
591 2826 624 2874 le·
656 2843 798 2890 praegressas
815 2828 843 2874 de
860 2835 883 2876 te
898 2829 1031 2891 prophetias,
1043 2829 1121 2877 milites

159 2897 218 2945 gan,
229 2892 295 2951 siquis
306 2889 333 2936 ed
344 2887 444 2952 legitimi
456 2899 544 2949 utatur3
657 2908 745 2954 pereas
755 2894 836 2940 bonam
846 2892 907 2938 illam
915 2895 1032 2947 militiam

191 2955 207 2998 9
223 2953 276 3002 Hoc
287 2956 367 3010 sciens,
381 2971 462 3016 nempe
477 2956 551 3018 legem
563 2956 626 3018 justo
692 2961 722 3004 19
739 2957 848 3003 Retinens
859 2955 924 3000 lidern
936 2963 959 3001 et
973 2957 1053 3000 bonam
1067 2967 1122 3000 con·

160 3015 249 3076 {lotium
261 3035 308 3066 non
319 3035 375 3075 esce,
386 3021 425 3066 sed
437 3020 492 3082 legia
508 3027 625 3081 contemp-
658 3020 786 3075 scientiam
797 3015 841 3078 qud
851 3015 949 3078 expulsi,
958 3016 1058 3065 nonnulli
1067 3031 1121 3064 nau·

161 3081 248 3137 unlus,
260 3091 282 3130 et
294 3084 321 3129 iis
331 3085 369 3143 qui
386 3085 461 3146 subjici
479 3083 565 3138 nolunt,
581 3085 625 3129 im·
657 3084 755 3146 fragium
765 3082 815 3128 lidei
827 3081 934 3127 iecerunt

159 3143 201 3202 piis
214 3153 236 3192 et
253 3148 411 3208 peccatoribus,
426 3147 516 3194 nefariis
531 3156 555 3195 et
572 3164 626 3210 pro·
691 3153 723 3195 20
734 3148 773 3194 Ex
780 3146 858 3207 quibus
867 3143 1014 3205 Hymenaeus
1020 3150 1044 3189 et
1051 3143 1112 3190 Ales

161 3203 221 3266 lflnia,
231 3212 346 3274 parricidis
357 3221 379 3259 et
390 3213 516 3267 inatricidia,
532 3213 625 3259 homici-
658 3213 743 3268 ander;
760 3225 816 3270 quos
827 3209 904 3256 tradidi
923 3209 1023 3261 &tanae
1036 3214 1060 3254 ut
1074 3223 1122 3256 oas-
1165 3254 1168 3259 ,

163 3267 199 3328 5⁵»
658 3277 722 3339 tigati
733 3276 842 3322 discerent
854 3289 899 3320 non
910 3273 1067 3334 blasphemare.

195 3342 223 3385 lo
234 3339 403 3394 scortatoribus,
412 3340 560 3388 masculorum
570 3355 625 3386 con·
1084 3367 1085 3371 =

161 3402 300 3458 tubitonbus,
328 3403 447 3464 plagiariis,
477 3404 625 3458 mendacibus,
822 3399 899 3450 cal‘.
923 3398 957 3447 II.

113 3501 119 3514 ,
162 3467 257 3530 perjuris,
269 3476 293 3513 et
304 3467 375 3526 siquid
392 3467 450 3515 aliud
465 3474 500 3516 est
516 3467 576 3528 quod
590 3482 625 3514 aa·
726 3465 898 3513 DHORTOR
909 3465 977 3526 igitur
985 3464 1123 3522 anleomnis,

162 3540 201 3576 asc
212 3531 325 3577 doctrinae
336 3531 364 3576 sit
372 3532 498 3594 oppositum
510 3549 517 3579 a
758 3537 783 3576 ut
793 3529 875 3576 iaciunt
891 3527 1062 3589 deprecationes,
1074 3545 1124 3592 prc-

195 3597 219 3640 ll
243 3595 308 3646 Quae
319 3603 350 3640 est
364 3593 485 3642 socunddm
502 3595 626 3656 gloriosum
658 3609 702 3650 ces,
714 3594 879 3655 postulationes,
891 3591 1012 3654 gratiarum
1027 3595 1125 3643 actiones

163 3657 301 3719 evangelium
317 3658 373 3704 beati
391 3659 444 3714 Dei,
458 3660 516 3720 quod
533 3673 626 3705 concre-
659 3674 700 3720 pro
710 3658 824 3719 quibusvis
835 3657 975 3712 bominibua3

163 3719 230 3770 litum
242 3728 277 3768 est
287 3721 347 3767 mibi
692 3726 708 3767 2
726 3720 772 3767 Pro
784 3721 879 3783 regibus,
896 3729 919 3768 et
932 3719 1045 3782 qubiusvis
1061 3722 1084 3769 iu
1099 3737 1122 3769 c·

197 3787 226 3830 12
243 3785 344 3832 Grotiam
362 3785 431 3848 igitur
449 3786 480 3834 uli
500 3786 570 3831 lmbeo
589 3785 626 3842 qui
659 3781 766 3832 minentid
782 3787 924 3833 constitutis:
945 3792 968 3831 ut
986 3785 1122 3849 tranquilia·
